4459 6750
769 846 917 956 ΜΛ
953 844 1233 971 RTIA
1266 843 1313 948 L
1347 844 1477 948 IS.
1656 873 1741 949 161

489 993 584 1116 Qi
609 1018 787 1085 nomen
808 978 1071 1105 Fidentini,
1096 983 1290 1124 insignis
1305 969 1428 1123 apud
1442 982 1712 1087 Martialem
1729 987 1820 1128 pla-

414 1131 582 1261 giarii,
615 1123 802 1262 Angelo
824 1123 1030 1238 Sabino,
1060 1161 1112 1223 ut
1136 1121 1338 1261 superius
1365 1122 1572 1224 vidimus
1604 1133 1655 1224 in
1677 1131 1820 1244 Juve⁴

413 1261 547 1381 nale,
572 1257 847 1399 imposuerat
874 1269 1111 1361 Domitius
1135 1337 1150 1380 ‚
1173 1257 1266 1400 ipse
1294 1259 1550 1362 Nicolaum
1574 1272 1819 1387 Perotum‚

408 1437 565 1538 quum
592 1397 650 1499 ab
675 1398 998 1514 hocTimonis
1028 1436 1216 1511 nornenv
1231 1397 1480 1538 recepiffet,
1508 1397 1700 1502 viciffim
1711 1412 1820 1526 Bro-

410 1576 543 1638 teum
565 1534 848 1676 appellavit,
879 1537 937 1636 ad
966 1545 1186 1638 Broteum
1212 1534 1352 1637 illurn
1374 1534 1447 1639 res
1470 1547 1637 1661 iciens,
1672 1578 1816 1680 quem

408 1717 469 1776 ne
490 1712 695 1816 parentes
730 1678 923 1819 quidem
943 1711 1097 1776 amare
1130 1711 1407 1816 potuerunt,
1428 1578 1504 1779 liu
1531 1685 1615 1817 qui
1641 1715 1722 1779 nec
1749 1677 1819 1780 lu-

405 1853 508 1914 cem
530 1823 624 1954 pati
645 1851 819 1953 poterat
841 1889 857 1936 ‚
884 1816 1126 1954 &dequo
1153 1818 1356 1917 Ovidius
1378 1824 1429 1915 iu
1449 1813 1567 1916 Ibin.
1592 1825 1814 1921 Putarunt

406 1950 553 2091 aliqui
574 1966 726 2055 Brotei
745 1992 921 2057 nomen
946 1950 1142 2074 Sabino,
1167 1956 1396 2054 Fidentini
1421 1994 1529 2054 vero
1552 1965 1713 2053 Peroto
1738 1954 1816 2095 ap-

408 2125 562 2191 tatum
586 2088 717 2190 fuilse
746 2135 771 2192 a
792 2101 1035 2211 Domitio,
1056 2092 1161 2192 Lilii
1183 2100 1398 2230 Gregorii
1416 2089 1608 2230 Gytaldi
1627 2101 1675 2191 in
1694 2090 1814 2194 Dial.
1870 2174 1878 2180 .

415 2273 455 2329 1.
484 2232 544 2329 de
564 2240 685 2331 Poet.
710 2232 847 2332 nostr.
873 2268 1011 2372 temp.
1037 2230 1174 2334 verba
1196 2229 1478 2370 allegantes:
1515 2231 1632 2369 Usus
1660 2227 1719 2363 est
1744 2233 1815 2335 bic

404 2371 600 2470 Sabt'nus
639 2379 840 2473 amicitia'
868 2373 1046 2473 Nicolat'
1076 2367 1261 2491 Furti,
1297 2375 1340 2473 S
1339 2368 1519 2509 iponrint‘
1549 2365 1814 2506 Pontificis,

407 2507 507 2612 Vtri
540 2517 598 2620 (st
623 2511 783 2612 erudiri
794 2584 810 2629 ,
838 2513 896 2617 (ν’
919 2513 1189 2646 eloquentis,
1211 2511 1265 2610 ab
1295 2545 1418 2647 toque
1444 2511 1617 2640 adjutus
1640 2505 1699 2637 est
1721 2545 1818 2607 con-

406 2675 481 2748 tra
509 2648 760 2748 Domitium
781 2650 1057 2750 Caldrrinum
1081 2645 1378 2781 Veronensem,
1406 2681 1502 2748 cum
1527 2682 1609 2783 quo
1638 2653 1820 2745 inimici-

407 2796 497 2884 tias
524 2815 802 2890 exercuerunt
817 2821 841 2895 ,·
864 2786 975 2886 hunc
989 2787 1036 2888 F
1035 2786 1294 2904 trientinam,
1319 2786 1444 2887 illum
1464 2785 1703 2890 Brorbeum
1719 2789 1821 2886 Do·

407 2932 560 3024 mitius
577 2923 677 3058 suis
700 2930 900 3061 Scriptis
934 2925 1213 3061 appellavitr
1250 2960 1505 3063 parumque
1531 2923 1818 3044 advertentes
1866 2929 1867 2932 ‘

404 3070 456 3160 in
484 3061 656 3162 horum
682 3059 932 3162 verborum
962 3061 1300 3162 constructione
1320 3075 1529 3202 primum
1555 3098 1816 3199 pronomen

407 3200 468 3297 ad
492 3195 722 3296 Sabinum
748 3195 928 3314 referri,
955 3202 1113 3332 utpote
1139 3193 1317 3314 sensui,
1335 3215 1378 3296 &
1401 3207 1563 3297 auimo
1590 3196 1606 3293 l
1670 3207 1822 3296 uentis
1851 3317 1858 3331 .

411 3341 688 3437 viciniorem
716 3409 730 3452 ,
763 3335 986 3473 posterius
1013 3369 1120 3433 vero
1148 3333 1205 3437 ad
1234 3344 1452 3434 Perotum
1478 3408 1493 3450 ‚
1524 3236 1748 3471 quiolicet
1770 3340 1823 3433 in

409 3472 678 3573 dictionum
699 3468 1033 3611 compositione
1053 3478 1332 3607 proximior,
1349 3509 1374 3569 a
1389 3464 1516 3569 sensu
1543 3504 1699 3570 tamen
1723 3481 1823 3573 ora-

403 3618 586 3730 tionis,
624 3625 671 3710 &
697 3619 860 3710 animo
888 3604 1122 3746 loquentis
1152 3603 1336 3744 longior
1361 3603 1596 3725 censetur,
1617 3624 1683 3734 ¹&
1719 3601 1819 3712 est.

407 3746 635 3887 Exempla
658 3749 896 3849 Ciceronis
921 3822 936 3865 ‚
962 3760 1009 3846 δι
1033 3741 1318 3879 Qintiliani
1342 3820 1360 3866 ,
1395 3782 1497 3886 quae
1524 3745 1573 3847 id
1592 3743 1818 3886 probent,

409 3893 742 3987 Grammaticis
762 3894 960 3987 minime
991 3877 1172 3984 desunt.

480 4024 624 4127 Haud
649 4026 806 4126 minus
841 4031 1092 4142 atrociter,
1119 4058 1264 4161 quam
1292 4032 1478 4123 Perotus
1516 4030 1727 4161 primum
1763 4035 1813 4125 in

403 4171 702 4282 Domitium,
718 4165 826 4264 dein
842 4170 1081 4263 Domitius
1107 4171 1157 4258 in
1175 4171 1391 4260 Perotum
1405 4235 1420 4281 ,
1450 4160 1656 4297 Pyrrhus
1672 4170 1817 4262 Perori

399 4343 458 4404 ex
473 4299 611 4403 fratre
623 4312 825 4440 neposin
839 4308 1107 4399 Domitium
1123 4292 1428 4401 debacchatur
1448 4308 1499 4400 in
1511 4305 1822 4440 Nuncupato-

408 4450 473 4540 ria
491 4437 695 4580 Epistola
720 4445 1022 4576 Cornucopia
1046 4437 1107 4538 ad
1133 4435 1399 4540 Fedeticum
1419 4436 1588 4543 Urbini
1610 4448 1814 4561 Ducem,

401 4575 677 4681 viliffimum
705 4580 1046 4719 paedagogum,
1082 4582 1219 4676 tacito
1243 4612 1400 4680 tamen
1426 4588 1635 4697 nomine,
1660 4621 1685 4681 a
1720 4577 1817 4721 pel·

401 4713 529 4836 lans,
552 4728 634 4858 qui
657 4714 887 4858 plerasque
910 4712 1148 4819 sententias
1170 4755 1196 4816 e
1221 4712 1413 4818 sacrario
1431 4728 1581 4859 patrui
1604 4714 1672 4820 sui
1688 4618 1819 4821 lum-

403 4890 534 4993 ptas‚
568 4892 652 4996 pro
673 4854 776 4957 suis
791 4854 1096 4960 venditaverit
1126 4863 1177 4953 in
1205 4862 1260 4954 iis
1282 4865 1674 4978 Commentariis,
1696 4897 1816 4997 quo-

401 5030 514 5095 rum
539 5000 807 5099 innumeros
837 5033 1007 5098 errores
1037 4989 1128 5133 ipse
1164 5029 1356 5132 patruus
1389 5006 1440 5104 in
1471 4996 1655 5099 duobus
1680 4994 1814 5094 volu·

1136 5139 1182 5229 X
1605 5138 1745 5236 mini-
