4459 6750
504 896 619 954 ..20
846 852 1206 972 ortaro
1243 804 1448 980 iera.

439 1010 543 1079 tani
563 993 718 1095 fortes,
745 1017 874 1105 quam
904 995 1083 1079 audaces
1112 990 1330 1095 indicasse,
1362 997 1428 1079 vel
1456 997 1496 1078 in
1517 989 1607 1099 ipso
1626 986 1855 1119 aetatisnflo·

449 1132 496 1189 re
525 1105 723 1205 sublatos,
752 1103 854 1186 nihil
874 1127 1025 1210 praeter
1044 1106 1292 1204 insumat
1308 1109 1510 1208 lacrymas
1529 1102 1609 1185 fuis
1629 1099 1862 1226 reliqriille3

427 1217 552 1302 -alios
576 1215 698 1299 rebus
726 1212 921 1325 praeclare
939 1213 1057 1320 gellis
1087 1237 1257 1298 tautum
1288 1214 1360 1298 fibi
1386 1216 1500 1324 apud
1532 1214 1624 1294 suos
1655 1213 1856 1303 inuidiae,

440 1349 574 1437 atque
591 1327 675 1410 odii
696 1320 917 1437 peperisse,
947 1345 995 1402 ut
1014 1350 1196 1430 quarum
1217 1328 1446 1409 civitatum
1478 1343 1554 1406 aut
1574 1321 1858 1403 fundamenta

424 1492 430 1508 ·
445 1435 660 1536 jecerant,
688 1456 764 1519 aut
795 1460 932 1515 mores
961 1433 1317 1539 composuerant,
1347 1459 1422 1514 aut
1453 1433 1704 1517 felicitatem
1723 1455 1856 1512 auxe-

393 1554 395 1561 '
441 1569 564 1647 rant,
585 1551 634 1631 in
652 1546 716 1630 his
735 1542 965 1628 incolumes
984 1538 1062 1622 esse
1083 1568 1161 1623 non
1184 1540 1342 1650 pollent
1363 1602 1371 1620 .
1402 1539 1535 1650 Testis
1556 1542 1702 1642 Scyros
1721 1537 1850 1623 exule

315 1691 319 1697 ’
446 1655 613 1741 Theseo
633 1661 771 1739 minor
800 1650 969 1749 infula,·
1000 1650 1282 1761 testisCaprae
1302 1650 1421 1759 palus
1442 1649 1622 1739 Romuli
1653 1653 1851 1762 sanguine

446 1769 632 1871 infesla3
662 1767 774 1849 testis
796 1764 991 1861 Atticus,
1008 1763 1335 1873 atqueArgivus
1356 1790 1520 1861 carcer,
1544 1764 1613 1846 hic
1635 1763 1850 1873 Philop'oe·

444 1883 604 1980 menis,
632 1879 703 1961 ille
724 1874 930 1959 Miltiadis
950 1898 1087 1956 morte
1106 1872 1273 1957 infamis
1283 1903 1302 1974 ;
1332 1874 1446 1956 tellis
1477 1875 1656 1989 denique
1680 1873 1848 1958 Linter·

441 2017 575 2092 num,
597 1988 643 2073 ὅ(
665 1987 832 2085 Ardea,
859 1987 951 2068 haec
968 1985 1318 2085 Camilliexilio,
1341 1985 1696 2098 illudAphricani
1717 1986 1849 2098 sepul·

439 2101 550 2185 chro
568 2098 727 2184 nobile.
758 2097 894 2181 Multi
913 2124 1037 2207 porro
1054 2098 1183 2181 armis
1203 2096 1329 2198 clari,
1351 2099 1392 2180 in
1412 2118 1509 2208 toga
1531 2098 1715 2186 viluere:
1738 2099 1848 2183 mul·

439 2215 479 2295 ti
499 2213 639 2295 rursus
657 2207 893 2295 domesticis
912 2207 1107 2292 laudibus
1138 2206 1310 2318 insignes
1329 2265 1339 2303 ,
1359 2208 1471 2292 bello
1499 2212 1668 2295 inutiles
1689 2211 1731 2294 se
1753 2239 1848 2322 ptae.

442 2325 604 2405 llitere.
633 2318 776 2420 Hujus
795 2343 940 2404 autem
961 2321 1093 2402 virtus
1112 2321 1153 2403 in
1174 2339 1292 2403 tanta
1313 2322 1627 2430 magnitudine,
1646 2323 1692 2407 eit
1716 2325 1849 2412 diver·

437 2432 564 2518 sitate
586 2434 796 2519 bellorum
816 2435 875 2516 ita
897 2431 1060 2541 semper
1078 2427 1268 2530 effulsit,
1298 2453 1347 2514 ut
1369 2459 1448 2514 non
1477 2440 1686 2520 minorem
1707 2464 1762 2520 ex
1783 2437 1849 2522 ad·

439 2543 581 2644 verfis,
600 2571 731 2657 quam
750 2571 803 2626 ex
825 2543 1011 2626 secundis
1028 2542 1151 2625 rebus
1172 2540 1349 2650 gloriam
1369 2546 1582 2630 retulerit:
1603 2570 1722 2632 tanta
1746 2550 1847 2632 fem·

431 2684 515 2762 ⁴per
534 2657 656 2754 foris,
675 2678 793 2739 tanta
815 2655 931 2738 dorni
952 2653 1204 2753 austoritas,
1219 2675 1262 2737 ut
1283 2680 1428 2737 omnes
1456 2656 1760 2768 &praesentem
1780 2690 1849 2740 co·

438 2767 570 2848 lerent
586 2769 655 2863 ,ἃ
674 2765 891 2849 absentem
912 2763 1211 2848 desiderarent.
1244 2762 1426 2850 Proinde
1445 2770 1473 2851 fr
1494 2775 1559 2852 cui
1581 2768 1693 2855 forte
1713 2772 1845 2856 libeat

436 2874 550 2955 hunc
563 2876 694 2956 Fabio
713 2873 984 2956 illiMaximo
1003 2868 1215 2975 conferre,
1234 2875 1382 2959 multis
1410 2880 1534 2964 rebus
1554 2910 1701 2994 parem
1717 2886 1847 2981 ,mul-

410 2987 489 3065 .tis
518 2983 776 3089 superiorem
806 2977 929 3066 facile
960 2984 1197 3095 intelliget.
1229 2989 1307 3070 Ille
1339 2991 1595 3077 Annibalem
1616 3024 1740 3081 mora
1769 2996 1846 3081 fre·

416 3096 536 3201 git,
576 3092 644 3175 hic
674 3090 1019 3195 lisaxirnilianum
1042 3124 1061 3184 ¹r
1098 3095 1173 3191 ¹ille
1212 3106 1459 3201 temerarios
1488 3104 1665 3204 Minutii
1696 3111 1848 3212 aufus,

433 3205 575 3312 quoad
594 3205 740 3304 licuit,
770 3206 980 3317 repressit,
1010 3207 1079 3291 hic
1099 3207 1204 3293 fidos
1225 3213 1423 3320 quidem,
1456 3213 1525 3299 sed
1547 3217 1675 3331 Reip.
1695 3227 1843 3317 noxios

429 3313 598 3404 Liviani
626 3319 839 3431 impetus,
857 3320 1124 3406 retardavit:
1154 3321 1226 3406 ille
1247 3325 1501 3434 periclitanti
1529 3334 1729 3443 equitum
1751 3334 1845 3420 Ma·

428 3428 559 3544 gistro
585 3459 710 3541 opem
744 3432 877 3532 tulit,
909 3432 978 3515 hie
1010 3431 1147 3516 clades
1175 3437 1309 3536 aliena
1339 3443 1583 3527 temeritate
1613 3471 1845 3560 acceptas,

426 3541 502 3621 ¹sna
523 3544 747 3645 prudentia
768 3594 782 3635 ,
801 3542 848 3622 δε
873 3547 1034 3621 virtute
1054 3599 1065 3636 ,
1084 3544 1267 3627 lenivit:
1300 3547 1371 3631 ille
1389 3551 1609 3641 Statilium
1631 3558 1687 3642 ad
1708 3559 1842 3644 hostes

292 3650 296 3655 ’
427 3643 688 3751 transfugere
709 3667 943 3729 tentantem
966 3652 1140 3733 retinuit
1161 3712 1174 3752 ,
1195 3656 1263 3736 hic
1285 3659 1515 3750 Gallorum
1536 3669 1663 3753 duces
1694 3699 1720 3756 a
1744 3673 1839 3783 fuga

428 3758 637 3850 retraxit,
659 3754 727 3834 hic
749 3754 1019 3841 Ludovicum
1041 3766 1272 3849 eorundem
1292 3768 1460 3882 Regem
1491 3781 1545 3864 ad
1566 3780 1695 3895 Reip.
1718 3785 1839 3870 socie.

421 3884 561 3947 tatem
583 3868 827 3950 revocavit.
858 3868 1105 3954 Gloriofum
1134 3872 1207 3961 fibi
1227 3876 1381 3967 Fabius
1405 3891 1692 3997 existimavit,
1723 3900 1836 4009 quod

423 3971 915 4063 TarentumSalinatoris
943 3981 1067 4093 culpa
1089 3988 1283 4101 amissum
1296 4053 1309 4094 ,
1330 4001 1544 4109 recepisset
1564 4036 1575 4109 3
1605 4025 1650 4089 at
1671 4031 1833 4120 quanio

424 4088 562 4191 major
586 4089 709 4190 hujus
738 4091 901 4201 gloria?
931 4099 1003 4205 qui
1030 4094 1264 4204 Veronam,
1295 4110 1368 4215 qui
1392 4108 1585 4214 Brixiam
1618 4139 1716 4203 rum
1748 4152 1836 4221 ma.

422 4199 532 4299 jores
561 4199 790 4302 Tarento,
829 4228 924 4289 tum
952 4208 1200 4295 munitiores
1235 4221 1475 4329 recipiendo
1503 4228 1732 4331 servavit;
1763 4237 1831 4345 qui

427 4309 656 4395 Patavium
688 4340 766 4393 non
797 4318 924 4401 modo
942 4324 1135 4430 recepit,
1164 4323 1235 4410 fed
1267 4352 1489 4448 receptum
1517 4342 1645 4427 toties
1676 4344 1733 4429 ab
1760 4347 1833 4430 lio.

424 4418 504 4501 stili
526 4425 714 4531 impetu,
734 4424 970 4542 insidiisque
990 4430 1199 4519 defendit.

491 4625 565 4713 ΙΙΙ.
594 4615 787 4717 funebri
804 4630 1033 4744 Orationi,
1045 4628 1353 4752 cujuscemodi
1365 4682 1389 4740 a
1401 4654 1594 4787 Rapicio
1612 4650 1821 4764 habitam

416 4756 653 4872 uidimus,
678 4758 735 4856 ad
756 4772 862 4858 attis
885 4800 1100 4867 normam
1124 4785 1484 5017 componendae,
1507 4787 1633 4892 haud.
1650 4834 1815 4934 patum

392 4899 402 4940 ⁵
415 4893 558 5010 studii
582 4905 814 4995 Brixianos
839 4901 1064 5006 Rhetotes
1088 4950 1224 5015 contu
1249 4918 1348 5041 ille,
1369 4921 1584 5032 discimus
1616 4974 1673 5033 ex
1701 4936 1817 5041 binis

389 5032 605 5166 libebit,
641 5031 812 5186 quibus
833 5044 1130 5189 quamplures
1152 5052 1336 5185 hujusce
1357 5146 1359 5150 ,
1368 5080 1551 5201 generis
1581 5087 1819 5181 Sermones

1667 5217 1763 5335 nos·
