4459 6750
874 928 1375 1058 'POETIM
1662 987 1753 1070 271

424 1108 495 1166 rex
517 1064 759 1175 columbo
790 1072 943 1178 versus
976 1077 1236 1322 complures
1262 1089 1416 1230 postea
1448 1082 1684 1187 recitabo.
1724 1099 1833 1192 Poe·

419 1232 498 1310 tna
514 1286 530 1330 ,
548 1220 787 1332 Venetiae,
820 1216 886 1332 Jo.
910 1224 1065 1322 Franci
1085 1261 1142 1323 co
1164 1226 1407 1329 Gambatae
1419 1224 1661 1331 Cardinali
1682 1301 1697 1352 ,
1720 1237 1831 1335 Brit

409 1356 526 1450 nori
553 1344 677 1468 filio,
711 1346 932 1510 in'sctipiit
956 1368 1120 1480 Poeta,
1142 1400 1280 1504 atque
1301 1376 1375 1468 ita¹
1389 1369 1573 1506 incipit:

406 1526 414 1537 ”
477 1514 584 1639 Qiae
608 1523 722 1640 causa
741 1526 950 1637 impulerit
979 1559 1053 1624 nort
1082 1554 1177 1620 ncta
1205 1532 1245 1616 in
1274 1563 1392 1647 regna
1414 1533 1582 1646 ferocem

531 1638 759 1724 Hunnorum
776 1670 903 1752 regem
920 1647 1089 1752 Scythia
1107 1646 1317 1732 traducere
1341 1669 1498 1757 gentes,

532 1745 740 1839 Adventus
766 1784 929 1861 quorum
949 1762 989 1840 in
1008 1763 1179 1863 Carnos,
1200 1780 1432 1868 partemque
1457 1773 1657 1864 patentem

525 1858 685 1960 nate,
710 1871 877 1985 primum
908 1872 1063 1957 Veneta
1083 1868 1173 1983 fuit
1202 1869 1304 1954 urbis
1320 1872 1457 1981 'origo‚

434 2074 437 2081 Ι
504 1972 755 2090 immisce,
786 1978 983 2088 expediam
999 2039 1010 2063 .
1040 1985 1135 2066 Non
1153 1979 1215 2066 bic
1233 2005 1280 2068 tu
1293 1984 1431 2091 prelia
1462 2002 1585 2069 cantu

407 2094 413 2109 '
504 2085 695 2172 Maeonio
721 2092 888 2199 vulgata
914 2093 1041 2202 leget,
1069 2121 1143 2176 nort
1171 2122 1297 2178 aurea
1321 2095 1461 2177 Phrixi

524 2193 710 2297 Vellera,
730 2199 808 2310 sed
834 2208 989 2290 Veneti·
995 2203 1208 2312 primordia
1233 2210 1361 2312 prima
1380 2206 1567 2292 Senatus.

523 2306 620 2389 Non
640 2308 739 2392 mihi
757 2313 941 2422 Calliopes
962 2340 1048 2424 opas
1068 2314 1116 2429 est
1126 2375 1139 2417 ,
1169 2343 1237 2400 nec
1257 2316 1442 2423 Apottinis
1461 2347 1588 2417 aura,

523 2420 568 2497 Si
596 2423 685 2503 vati
711 2420 762 2506 de
788 2453 890 2509 more
918 2449 985 2511 tuo
1007 2486 1019 2527 ,
1041 2428 1246 2534 francisce
1262 2486 1275 2525 ,
1287 2425 1465 2538 favebit,
1745 2522 1749 2527 ,

527 2529 586 2612 Et
605 2530 768 2619 valcant
799 2561 910 2644 rupes
931 2538 1121 2623 Heliconis
1142 2596 1154 2639 ,
1174 2539 1217 2622 (t
1240 2537 1348 2620 unda
1369 2542 1604 2649 Aganippes.

482 2662 738 2834 Captarolee
760 2696 1006 2842 descriptio
1028 2701 1085 2804 ad
1103 2699 1429 2809 Alexandrum
1440 2700 1699 2809 Parnestum
1713 2713 1826 2804 Cat·

403 2835 617 2940 dinalem
646 2843 719 2953 his
746 2840 952 2961 versibus
974 2844 1245 2944 inchoatur:
1342 2835 1347 2846 ⁸

460 3007 572 3087 Dum
603 3033 665 3091 not
685 3031 726 3094 te
744 3012 913 3093 canimus
934 3069 947 3109 ,
973 2998 1246 3116 praclaraque
1266 2995 1388 3119 facia
1406 3027 1585 3110 tuorum,

412 3180 419 3187 .
520 3120 580 3201 Bt
604 3117 764 3223 pofitam
783 3123 923 3202 Cimini
950 3117 1040 3202 latit
1069 3125 1109 3200 r'n
1138 3116 1289 3203 collibrat
1319 3147 1470 3218 arcem,

519 3227 718 3336 Farnefiae
739 3233 864 3337 gentis
906 3226 1022 3329 edus,
1050 3225 1319 3335 columenque,
1349 3248 1549 3336 meumque

517 3336 774 3448 Praestdr’um,
802 3341 842 3424 (t
888 3360 1010 3445 emper
1030 3341 1186 3448 summis
1214 3344 1382 3427 exercite
1411 3341 1543 3441 rebor,
1645 3375 1648 3380 ·

516 3454 696 3535 Maxime
715 3444 945 3537 Alexander·
958 3495 975 3550 ,
989 3497 991 3502 ·
1003 3469 1050 3533 tu
1066 3456 1156 3534 catr'
1172 3446 1283 3568 uffiste
1299 3452 1480 3552 canenti,

513 3564 595 3643 Hic
611 3565 716 3645 inter
736 3558 882 3671 gelidat
901 3558 1069 3673 fontes,
1094 3560 1376 3672 platanumque
1394 3579 1631 3663 comantem,

516 3676 684 3754 Gratiae
710 3672 851 3787 aestivos
880 3699 962 3778 qua
990 3692 1183 3780 temperat
1212 3695 1316 3763 aura
1342 3675 1513 3773 calores,

514 3781 575 3867 Et
592 3810 788 3871 nemorum
810 3778 976 3891 placidis
997 3791 1194 3890 percurrit
1215 3786 1374 3897 statibus
1406 3782 1582 3873 umbrat.

475 3987 680 4098 Poetna,
716 3953 1028 4093 cuititnlus,
1050 3964 1283 4115 Expofiti,
1320 3976 1379 4080 ad
1402 3983 1830 4115 Antonium'Pere-

394 4145 601 4224 notrum
624 4114 922 4217 Cardinalem
946 4113 1350 4235 Granveilanum,
1379 4130 1426 4220 &
1443 4123 1495 4218 in
1515 4116 1828 4255 Neapolitano

401 4271 580 4396 Regno
601 4267 690 4358 Pto
715 4262 929 4395 Regem,
963 4256 1024 4358 de
1046 4262 1219 4375 Leuce,
1241 4269 1287 4356 &
1313 4265 1386 4358 Da
1421 4249 1568 4359 hnide
1593 4262 1644 4355 in
1678 4255 1827 4357 Lesbo

405 4392 784 4538 inlulaexposttis
809 4403 942 4536 agit.
978 4393 1102 4495 Illud
1130 4296 1441 4535 metaphraiin
1463 4394 1548 4498 esse
1570 4404 1723 4534 Longi
1748 4406 1830 4496 Pa-

404 4534 646 4637 storalium
675 4538 733 4639 de
755 4535 1042 4675 Daphnide,
1063 4546 1109 4633 &
1136 4530 1328 4657 Chloe,
1352 4533 1597 4674 multaque
1623 4530 1666 4634 se
1698 4537 1828 4638 addi-

398 4671 518 4775 diss'e
545 4674 606 4775 de
624 4672 704 4777 suo
713 4751 730 4798 ,
755 4714 808 4777 ut
833 4684 1145 4795 imitatorem,
1169 4709 1268 4777 non
1294 4712 1347 4776 ut
1375 4684 1703 4816 interpretem,
1724 4715 1825 4777 rno-

404 4851 490 4916 net
509 4810 861 4953 ipseGarnbata
891 4822 942 4914 in
964 4813 1209 4917 Praefat.ad
1230 4819 1405 4950 Leston
1427 4839 1572 4955 quare
1595 4855 1694 4918 non
1710 4849 1825 4932 erat,

399 4994 491 5056 eut
513 4947 706 5063 Voffitrs.
725 4947 783 5059 rie
810 4953 1027 5058 Histotic.
1051 4962 1190 5056 Graec.
1218 4947 1466 5075 scriberet,
1511 4961 1734 5089 Longum
1771 4959 1823 5052 in

399 5085 644 5202 Cambari
685 5094 766 5205 vix
796 5089 1020 5237 ¹agnosci,
1047 5077 1285 5235 huncque·
1305 5116 1542 5233 propterea
1578 5088 1823 5326 molitorem

1678 5266 1754 5328 oe·
