4459 6750
852 872 1454 986 FLAC‘cUn
1707 900 1761 980 81

425 1013 562 1115 bunt.
600 1007 856 1152 Singularis
878 1016 957 1117 illa
975 1023 1165 1139 Joannis
1177 1020 1425 1115 Britannici
1443 1016 1665 1118 modestia
1685 1031 1826 1122 etiam

422 1148 569 1251 effecit
587 1188 668 1271 ,ut
681 1150 784 1250 fine
804 1163 1019 1255 encomio
1045 1159 1409 1285 necflDomitium
1421 1150 1824 1280 Calderinum,nec

417 1287 883 1429 ¹Georgium'Vallam
906 1290 1221 1393 nominandos
1237 1289 1613 1430 tensue'rit,quos
1629 1303 1830 1436 inexpo-

411 1433 588 1530 -nendo
599 1428 818 1548 juvenale
845 1430 1038 1532 :emulos
1060 1433 1416 1569 quodammodo
1439 1424 1692 1536 habuerat.
1730 1447 1831 1538 Do-

414 1578 526 1668 stos
544 1607 651 1671 vero
664 1578 915 1692 Brixianos,
932 1567 1097 1671 scilicet
1111 1568 1476 1711 calphurnium,
1490 1569 1706 1704 Pyladem
1713 1582 1833 1696 ,Ta-

421 1703 620 1828 betium,
642 1724 688 1810 &
705 1706 833 1830 alios,
849 1718 1133 1813 Britannicus
1155 1718 1205 1810 iu
1228 1748 1279 1808 ea
1301 1709 1501 1848 Epistola
1524 1720 1723 1812 omnino
1746 1722 1820 1814 in·

421 1848 568 1947 didos
595 1845 782 1988 reliquit
812 1927 827 1968 ,
867 1888 920 1951 ut
946 1855 1141 1978 externis
1166 1848 1406 1948 dumtaxat
1436 1846 1734 1986 scriptoribus
1772 1858 1822 1953 in
1888 1914 1893 1919 ·

423 1984 559 2084 censu
587 1985 671 2084 illo
707 1989 865 2090 locum
887 1990 1047 2106 daret,
1083 1987 1465 2127 quandoquidem
1494 1983 1708 2125 frequens
1741 1987 1825 2127 ipsi

424 2124 577 2221 aderat
612 2121 784 2222 occasio
820 2123 1056 2265 populares
1085 2125 1188 2225 luos
1213 2125 1325 2225 alibi
1342 2163 1454 2224 cum
1484 2122 1615 2224 laude
1645 2161 1825 2225 memo·

418 2263 550 2359 randi
568 2334 583 2376 ,
600 2299 690 2400 qua
706 2263 924 2396 Pyladem
940 2261 1126 2367 abunde
1146 2263 1353 2383 donasse,
1369 2259 1573 2403 superius
1596 2279 1691 2390 lam
1709 2265 1825 2365 vidl-

419 2436 551 2516 mus,
579 2437 732 2536 quum
753 2403 811 2501 de
832 2403 993 2518 Plauto
1029 2439 1236 2540 ageretur
1266 2482 1276 2502 .
1315 2412 1524 2502 Demum
1550 2439 1693 2543 quarn
1722 2439 1825 2502 rno-

413 2537 538 2635 deste
560 2533 740 2636 senserit
775 2543 832 2638 de
867 2539 956 2639 suis
981 2550 1189 2679 primunr
1226 2550 1275 2641 in
1311 2539 1548 2657 Petsrum,
1584 2539 1746 2639 deinde
1776 2551 1826 2640 in

414 2686 635 2791 Statium,
659 2680 811 2815 postea
829 2677 1190 2796 inJuvenalenr,
1207 2719 1256 2777 ac
1279 2679 1473 2778 demum
1500 2687 1550 2778 in
1573 2687 1834 2778 Horatium·

419 2809 702 2932 laboribus,
726 2854 842 2953 quos
864 2853 1027 2917 omnes
1059 2826 1177 2917 intra
1205 2825 1393 2955 triginta
1416 2826 1558 2915 trium
1587 2850 1822 2917 annorum

411 2950 696 3067 curriculum
730 2953 991 3094 evulgavit,
1026 2997 1081 3055 ex
1117 2969 1214 3083 ejus
1246 2953 1452 3094 Epistola
1487 2950 1737 3055 discemus.

498 3149 679 3265 Jouunes
700 3154 950 3237 Britannicus
971 3152 1189 3240 Briaiunus
1211 3154 1385 3239 Salutem
1400 3151 1611 3262 plurimum
1633 3155 1733 3236 dicit

772 3290 959 3394 Senatui,
993 3291 1206 3401 Populoque
1244 3293 1458 3373 Brixiam.

471 3409 584 3495 Ol'eo
604 3409 710 3519 saepe
728 3462 743 3506 ,
770 3436 820 3490 ac
838 3410 1029 3504 multum
1047 3402 1323 3521 ipsemecum
1352 3406 1610 3493 confiderare
1628 3463 1643 3509 2
1673 3400 1819 3499 Patres

500 3517 757 3633 Ampliffimi
777 3515 968 3602 Brixiani
991 3577 1005 3619 ,
1032 3546 1106 3601 nos
1126 3520 1295 3601 Divinae
1312 3511 1531 3615 Maiestati
1547 3544 1649 3605 cum
1668 3520 1709 3603 in
1728 3542 1819 3610 orn·

406 3631 561 3733 nibus,
592 3652 688 3715 tum
709 3631 897 3713 maxime
926 3627 969 3713 in
996 3627 1076 3712 hoc
1106 3627 1341 3739 plurimum
1369 3626 1556 3727 debere,
1585 3632 1701 3739 quod
1730 3633 1819 3733 ejus

384 3755 386 3757 ’
405 3741 613 3831 beneficio
632 3737 794 3841 fadlurn
813 3738 905 3839 est,
933 3739 1183 3850 urdiguitas
1202 3741 1262 3821 rei
1281 3737 1509 3839 literaria,
1536 3764 1619 3849 que
1646 3741 1702 3825 ab
1722 3742 1820 3829 hinc

438 3858 679 3963 uingentos,
708 3872 784 3935 aut
812 3850 1019 3960 cuspius,
1048 3876 1197 3951 annos,
1230 3850 1392 3958 penitus
1421 3869 1497 3932 aut
1519 3852 1724 3959 perierat,
1744 3875 1823 3939 aut

405 3884 511 4063 lltu,
542 3962 590 4046 dt
612 3961 747 4045 veluti
777 3961 964 4071 quadam
982 3958 1173 4069 rubigine
1193 3956 1326 4041 obfita
1348 3961 1389 4040 in
1409 3947 1624 4067 profundis
1644 3961 1817 4047 latebris

407 4080 469 4160 ita
484 4072 654 4173 'jacebat
668 4129 680 4170 ,
711 4093 759 4154 ut
778 4099 851 4183 per
881 4071 1103 4155 id‘totum¹
1118 4091 1287 4179 tempus
1316 4094 1395 4149 non
1415 4094 1512 4150 vera
1530 4068 1728 4167 latinitas,
1740 4072 1814 4156 sed

406 4184 603 4271 barbaria
622 4183 807 4294 quedam
825 4178 1266 4281 manifestiffima,uon
1286 4168 1423 4261 solum
1442 4205 1517 4288 pet
1536 4180 1730 4280 Italiam,
1743 4182 1817 4266 sed

404 4318 491 4413 pet·
502 4313 639 4379 totam
663 4292 880 4402 Europam
899 4310 1151 4402 vagaretur,
1179 4316 1287 4373 nunc
1306 4288 1482 4373 demum
1502 4290 1614 4399 quali
1633 4319 1658 4374 a
1677 4314 1816 4377 morte

406 4410 464 4497 ad
476 4407 617 4505 ,vitam
639 4403 836 4509 restituta
860 4401 938 4487 fit.
972 4398 1121 4514 Quam
1139 4395 1236 4485 saue
1253 4399 1559 4500 calamitatem,
1588 4427 1713 4485 nemo
1731 4401 1821 4504 est,

407 4526 483 4631 qui
512 4505 593 4599 uon
612 4515 846 4623 intelligat,
877 4532 1049 4623 propter
1065 4512 1274 4621 asperima
1284 4508 1355 4613 ,δι
1373 4509 1519 4594 crebra
1531 4509 1820 4599 Barbarorum

409 4627 523 4712 bella
551 4625 766 4726 accidisse,
787 4624 861 4735 qui
880 4643 1019 4707 totam
1038 4623 1213 4706 Italiam
1225 4682 1236 4722 ,
1268 4645 1314 4707 ut
1347 4627 1407 4704 his
1432 4627 1563 4705 etiam
1582 4621 1678 4705 odio
1695 4628 1815 4707 annis

404 4736 572 4823 fartum
591 4736 678 4835 est,
706 4733 753 4821 ὅ(
774 4735 821 4818 in.
834 4734 921 4819 dies
939 4731 1169 4818 crudeliter
1188 4732 1260 4833 fir,
1290 4731 1395 4831 sevis
1415 4730 1624 4817 vastantes
1645 4733 1819 4843 popula·

402 4846 612 4945 tionibus,
641 4850 748 4953 inter
766 4845 870 4930 alias
901 4847 1073 4956 predas,
1101 4871 1272 4927 omnem
1292 4839 1379 4925 fere
1397 4840 1602 4929 librorum
1621 4846 1816 4952 copiam,

400 4984 481 5046 aut
512 4954 738 5042 auferendo
760 4958 1061 5067 perdiderunt,
1089 4974 1198 5053 aut,
1228 4974 1277 5037 ut
1297 4956 1510 5038 virtutum
1543 4980 1691 5062 parum
1723 4951 1810 5034 cul·

399 5096 539 5171 tores,
569 5068 869 5167 incenderuut;
900 5071 958 5153 ita
988 5086 1038 5152 ut
1067 5067 1109 5151 in
1135 5062 1244 5258 ὴίηε
1272 5062 1403 5178 usque
1435 5064 1617 5150 nostram
1640 5081 1813 5252 aetaltem

1485 5241 1487 5245 .
1724 5201 1749 5254 1·
