4459 6750
478 942 541 1026 ιο
821 900 900 1001 Μ.
930 986 945 1005 r
971 899 1029 1010 A
1059 905 1101 1002 C
1133 909 1175 1005 C
1207 904 1242 1003 I
1268 905 1322 1008 U
1338 909 1391 1007 'S

297 1078 300 1085 ·
406 1067 535 1157 quare
561 1033 653 1123 eice
684 1035 899 1149 proverbii
929 1041 1079 1124 cecinit
1101 1035 1683 1148 Plautus‚Romauaelioguae
1716 1032 1824 1121 deli·

403 1160 537 1240 cium:
565 1175 692 1235 nemo
710 1145 821 1231 solus
839 1146 938 1236 satis
958 1149 1092 1263 sapit,
1121 1154 1189 1237 cui
1213 1151 1392 1236 verbum
1409 1175 1593 1262 gtaeeum
1611 1147 1819 1248 concinit,

401 1266 492 1359 ulto,
517 1263 615 1366 dnn,
640 1263 717 1350 rire
741 1259 832 1357 doio,
855 1287 941 1373 quo
959 1259 1232 1371 fignificatut,
1258 1291 1390 1346 unum
1411 1262 1625 1344 bominem
1645 1258 1731 1344 elle
1751 1283 1820 1342 ne·

401 1377 594 1483 minem.
633 1372 766 1487 Quod
786 1399 917 1481 quam
936 1373 1024 1454 late
1041 1395 1187 1483 pateat
1206 1431 1220 1474 ‚
1248 1397 1462 1483 quamque
1480 1373 1622 1480 magni
1642 1366 1743 1454 Viti
1773 1369 1818 1452 iu

401 1482 583 1599 palestra
612 1482 844 1567 literatorie
874 1478 1205 1582 succubuerint,
1231 1482 1428 1566 omnibus
1446 1481 1575 1592 paulo
1593 1478 1819 1565 humanio

403 1591 521 1680 ribus
540 1591 716 1677 constat.
746 1590 994 1675 Aristoteles
1011 1589 1072 1677 Sar
1106 1598 1145 1676 ia
1166 1597 1422 1694 nominatur,
1441 1615 1644 1702 tanquam
1663 1586 1739 1675 sur
1761 1593 1819 1674 in·

403 1702 600 1800 ceffitut,
628 1701 754 1788 Plato
772 1701 1027 1803 vellicatur,
1101 1704 1259 1813 irgilius
1290 1705 1330 1786 in
1360 1703 1552 1787 ordinem
1581 1701 1819 1894 redigitur,

404 1813 557 1901 Seneca
576 1812 811 1899 lancinatur
831 1872 843 1913 ,
874 1813 1034 1897 Plinius
1053 1813 1226 1899 turbare
1245 1811 1324 1914 ,ἃ
1343 1810 1651 1898 fasciculariam
1692 1837 1818 1899 acere

402 1922 693 2024 insimulatur,
724 1924 874 2009 cuncta
893 1921 1099 2030 olfacere,
1129 1922 1233 2009 nihil
1252 1924 1492 2035 degustare,
1521 1925 1664 2007 omnia
1686 1924 1818 2033 gluti·

402 2061 484 2139 te,
513 2033 618 2119 nihil
649 2060 937 2146 concoquere,
967 2033 1015 2118 dc
1035 2034 1063 2117 si
1084 2033 1216 2124 libeat
1245 2062 1269 2118 a
1300 2035 1423 2133 calvo
1450 2031 1505 2118 ad
1523 2033 1696 2119 calvum
1729 2039 1817 2145 opi·

401 2166 521 2254 natos
544 2143 749 2230 Audlores
778 2167 1014 2243 excutere,
1040 2147 1083 2229 in
1113 2142 1275 2254 fingulis
1295 2141 1470 2227 Moenus
1498 2142 1649 2226 saltem
1671 2142 1817 2229 sanda·

402 2253 461 2335 lia
491 2275 659 2364 carpet,
687 2253 735 2339 δι
756 2250 924 2336 fortasse
943 2252 1077 2353 redte,
1104 2254 1274 2366 quando
1294 2280 1374 2337 non
1392 2257 1534 2337 omnia
1554 2253 1628 2337 Dii
1651 2255 1725 2336 uni
1750 2255 1816 2338 de·

404 2361 579 2447 derunt.
608 2363 724 2473 Ego,
743 2364 795 2450 de
814 2390 900 2473 quo
913 2361 1003 2464 jam
1022 2365 1095 2448 diu
1118 2364 1252 2448 tacuit
1277 2361 1557 2447 Eruditorum
1577 2358 1816 2466 consensus,

403 2473 598 2556 imitatur
616 2473 836 2582 soricinam
852 2477 1031 2562 naeniam
1047 2473 1201 2560 indicio
1220 2500 1318 2557 meo
1335 2477 1470 2584 perire
1488 2470 1650 2557 festino.
1675 2472 1817 2604 Quid,

402 2589 528 2696 rog‘d,
561 2585 719 2694 pudeat
737 2583 885 2698 fateri,
916 2583 943 2667 fi
964 2584 1149 2695 deliqui,
1178 2583 1442 2681 &errorem
1473 2578 1624 2668 falsum
1646 2610 1816 2671 ventam

402 2690 665 2802 deprecari?
713 2694 927 2800 Gloriolas
957 2693 1080 2778 hasce
1111 2693 1339 2778 sciolorum
1370 2698 1531 2806 ineptas
1567 2693 1817 2807 exscriptis

402 2802 508 2882 m‘eis
525 2823 605 2885 uon
623 2803 815 2915 requiro,
847 2801 918 2884 scd
948 2801 1113 2911 frugem
1136 2802 1577 2916 studiosorum,quam
1612 2803 1715 2891 lolio
1735 2803 1819 2890 fru-

405 2910 554 2997 ricanri
584 2916 699 3020 pati,
727 2934 775 2996 ut
806 2909 1051 3013 inficiatur,
1080 2917 1267 2998 immane
1294 2916 1460 3023 prorsus
1487 2915 1581 3018 cll,
1611 2914 1659 3000 bt
1690 2913 1816 3001 inhu·³

406 3044 621 3119 manum,
650 3024 872 3133 obiterque
908 3023 1119 3107 invidulos
1148 3025 1272 3106 anxie
1300 3024 1541 3124 declinans,
1570 3027 1724 3138 quibus
1755 3025 1821 3110 sar

404 3152 479 3209 ma
507 3153 561 3239 err
591 3133 726 3239 alieno
756 3134 910 3220 rubore
942 3134 1104 3243 placere
1135 3133 1269 3217 solet.
1316 3133 1483 3245 Sumpfi
1515 3139 1724 3247 proximis·
1749 3135 1818 3239 Sa·

401 3238 640 3333 runcalibus
659 3245 700 3327 in
722 3272 869 3328 ruanus
889 3243 1030 3327 Plauti
1052 3241 1434 3329 Commentariosa
1455 3274 1523 3330 me
1545 3249 1670 3347 olim,
1689 3274 1815 3358 quar·

399 3364 494 3432 tum
505 3348 579 3448 ,ἀ
599 3353 845 3464 vigesimum
864 3356 1001 3439 aetatis
1028 3380 1185 3440 annum
1204 3368 1392 3468 agente,
1407 3356 1677 3467 compositos;
1707 3359 1818 3443 mul·

398 3478 446 3538 ra
477 3460 735 3565 deprehendi
765 3465 1013 3566 praepostere
1043 3464 1224 3571 scripta,
1254 3464 1440 3564 inversa,
1469 3467 1733 3570 adulterina,
1764 3469 1812 3554 dc

400 3567 455 3650 in,
474 3589 640 3647 meram
669 3565 908 3648 barbariem
940 3567 1137 3672 detorta3
1166 3573 1360 3681 quaedam
1380 3577 1485 3663 olim
1515 3608 1540 3666 a
1569 3607 1640 3664 me
1658 3609 1817 3694 parum

400 3671 609 3781 prostrate
628 3676 828 3786 reposta:
858 3702 951 3786 quae
980 3704 1087 3763 nuuc
1119 3681 1332 3772 limatiora
1362 3687 1474 3800 legas
1502 3692 1669 3793 velim,¹
1686 3692 1736 3778 ὅ(
1756 3695 1817 3780 A·

402 3780 629 3907 cademicis
657 3782 798 3868 nostris
827 3787 1078 3896 impertias,
1106 3794 1178 3903 qui
1207 3823 1315 3882 nunc
1349 3800 1583 3909 plurimum
1613 3787 1814 3903 florent,

404 3888 534 4015 idque
552 3888 769 3985 Bononiae.
799 3893 896 3984 Nec
925 3926 978 3983 ex
1007 3900 1183 3988 ledlione
1214 3905 1436 4016 plausum,
1465 3935 1541 4000 aur
1567 3914 1713 3998 laudes
1743 3943 1814 3998 ex·

403 3996 572 4130 pedion·
595 4001 732 4131 satis,
758 4005 965 4119 superque
997 4011 1095 4096 satis
1124 4013 1231 4099 mibi
1271 4018 1375 4103 bene
1404 4024 1551 4108 cellrsle
1574 4023 1814 4128 judicabo,

403 4107 434 4204 fi
455 4111 625 4220 parrbus
643 4114 848 4227 suflragiit
863 4140 961 4204 utar
969 4151 982 4224 3
1010 4124 1159 4208 necid
1179 4128 1423 4232 minimum,
1451 4135 1619 4244 quando
1637 4161 1691 4219 ert
1711 4136 1817 4219 altc-

399 4245 448 4337 ra
471 4217 687 4333 Euripidis
705 4226 923 4352 Iphigenia
942 4230 1156 4343 colligitur
1185 4263 1303 4346 pares
1332 4245 1513 4343 calculos
1541 4246 1751 4356 adeptum
1772 4249 1822 4332 in-

314 4404 317 4414 .
402 4330 706 4442 Areopagitico
728 4336 889 4436 judicio
914 4342 1096 4427 evadere
1113 4340 1401 4455 superiorem.
1434 4354 1560 4439 Vale.

423 4449 433 4458 “
519 4460 529 4473 ·“
595 4446 840 4530 Retralbta
856 4451 964 4558 apud
978 4452 1169 4539 Plautum
1198 4456 1404 4562 quedam.
1435 4493 1524 4576 cap.
1544 4494 1612 4552 ec.
1678 4473 1682 4482 ’

505 4552 593 4637 Cce
623 4554 702 4641 tibi
722 4557 900 4645 Plautus
917 4563 1076 4648 iterum
1094 4569 1392 4674 excutiendus,
1423 4603 1522 4662 curn
1551 4604 1638 4692 quo
1664 4579 1812 4669 formiss

530 4663 899 4756 dolostusbellum
928 4674 1112 4774 consero,
1137 4704 1267 4788 quam
1286 4710 1386 4768 cum
1399 4684 1616 4790 Excedra,
1640 4694 1813 4805 semper·

402 4777 517 4883 enim
546 4775 753 4887 monstris,
775 4777 1097 4879 foecundiffimus
1126 4787 1218 4888 est,
1252 4790 1300 4877 dt
1336 4794 1440 4880 dum
1471 4828 1603 4887 unum
1632 4802 1810 4904 aufere,

396 4885 515 4970 allud
534 4883 697 5008 influit.
725 4887 807 4982 Sed
825 4895 902 5003 ego
918 4922 1069 5005 parum
1090 4900 1639 5023 prudens,quiAEgyptium
1660 4918 1818 5002 cande·

404 4991 542 5130 lucere
563 4996 729 5194 satrsso,
757 5000 876 5089 &ad
895 5006 1031 5092 vitam
1050 5010 1351 5121 cadaverosum
1376 5047 1575 5106 revocare
1594 5087 1604 5110 .
1633 5027 1722 5111 Sed
1735 5024 1812 5116 Dii

389 5100 580 5226 fruenter
606 5139 636 5196 a
648 5119 829 5222 jubam,
847 5117 998 5241 qdagio
1017 5119 1279 5245 Varroniano
1297 5130 1471 5220 inolevit
1490 5197 1500 5216 .
1529 5133 1669 5223 Pauca
1690 5145 1818 5250 repa?

578 5279 586 5297 .
1624 5251 1749 5336 stina-
