4459 6750
477 1024 487 1047 θ
630 1020 644 1047 .
744 892 792 993 G
814 889 936 1013 RA
954 896 1027 998 M
1044 895 1182 1005 MA
1202 887 1447 1002 Trc'A.
1665 912 1720 1011 ti

398 1022 514 1156 barre
531 1050 643 1156 omni
662 1031 830 1157 pcuitus
858 1035 1052 1143 explosa,
1082 1036 1251 1123 culmen
1272 1034 1479 1143 attingere
1498 1028 1722 1129 videntur,
1739 1026 1810 1113 in·-

400 1138 516 1220 finita
536 1137 731 1267 plurimis
757 1167 812 1223 eir
841 1145 1056 1230 codicibus
1088 1146 1257 1231 summo
1274 1145 1419 1229 labore
1447 1139 1677 1250 inquifita,
1703 1165 1799 1251 quae

397 1272 531 1358 neque
551 1274 626 1356 per
643 1248 824 1379 indicem
843 1253 998 1341 ordinis
1016 1256 1262 1369 litterarum
1280 1253 1438 1365 digesta
1456 1250 1665 1350 erant,ad
1684 1277 1798 1334 com·

398 1385 574 1442 munem
591 1358 821 1467 legentum
839 1364 1075 1449 utilitatem
1095 1368 1202 1450 adeo
1222 1368 1411 1450 breviter
1428 1416 1444 1463 ‚
1461 1383 1647 1474 apteque
1663 1360 1802 1471 dispo·

381 1520 383 1524 ·
402 1469 514 1567 sitit,
545 1488 593 1551 ut
611 1492 790 1580 queque
815 1471 872 1556 ab
889 1471 1117 1555 lectioribus
1135 1472 1357 1558 deiiderari
1385 1473 1561 1584 pollint,
1590 1493 1798 1578 tanquam

400 1576 763 1679 adamuffim,i'int
782 1580 955 1664 inventu
973 1579 1180 1666 facilima.
1211 1581 1367 1667 Noiler
1384 1608 1485 1665 vern
1504 1577 1802 1681 secundihujus

403 1689 560 1799 Operis
588 1689 709 1774 labor
738 1717 817 1774 nou
847 1693 1116 1778 mediocriter
1145 1690 1307 1804 profuit
1331 1721 1344 1794 ;
1380 1717 1478 1775 nam
1507 1711 1804 1802 praeterquam·

403 1799 677 1930 quodomulta
696 1801 970 1928 addidimus,
997 1831 1092 1935 quie
1111 1802 1403 1916 impreisoriini
1426 1798 1571 1909 culpa,
1602 1819 1802 1990 utputo,

400 1937 442 2038 in
461 1910 643 1994 latinum
661 1911 808 1997 nmilia
828 1930 978 2014 erant,
1009 1913 1383 1999 innumerabilibus
1399 1912 1534 1996 vetiam
1553 1905 1642 1993 fere
1690 1907 1804 1991 titio·

402 2019 526 2104 nibus
546 2023 715 2106 Graecas
733 2020 1005 2124 adjunximus
1032 2025 1339 2110 derivationes:
1367 2018 1712 2134 quandoquidem
1742 2015 1804 2099 hi·

403 2124 473 2245 sce
487 2133 533 2214 in
547 2130 790 2231 codicibus,
819 2135 893 2244 qui
913 2154 1002 2218 tam
1023 2131 1369 2247 Neapoli,quani
1387 2131 1491 2221 alibi
1511 2126 1692 2240 impreiii
1713 2121 1803 2210 fue·

403 2262 524 2340 rant,
555 2241 713 2351 ubique
733 2241 893 2325 Graecae
909 2242 1108 2328 didiiones
1129 2243 1308 2328 deessent
1327 2304 1340 2344 ,
1372 2240 1624 2352 sinequibus
1642 2234 1802 2351 quoad

405 2351 791 2462 orthographiam,
820 2351 866 2436 δι
885 2354 939 2438 ad
958 2380 1100 2440 veram
1121 2354 1429 2440 vocabulorum
1457 2347 1803 2461 fignificationcm

405 2465 612 2590 pertinet,
641 2463 872 2572 legentium
890 2467 1019 2549 animi
1047 2462 1328 2576 proculdubio
1347 2461 1526 2547 hesitare
1553 2458 1805 2569 potuillent,

403 2597 606 2764 wentam
634 2572 789 2657 litterae
812 2573 957 2658 nostrae
985 2576 1081 2660 inde
1109 2575 1294 2671 fluxere,
1325 2595 1375 2658 ut
1407 2569 1560 2655 Fabius
1589 2563 1806 2650 meminit.

406 2792 416 2812 .
455 2683 610 2765 odram
629 2684 760 2792 igitur
774 2683 887 2788 hanc
902 2687 1253 2795 recognitionem,
1272 2683 1490 2769 Francisce
1510 2675 1706 2776 Thtnne,
1727 2671 1807 2757 Vir

406 2795 701 2902 integerrime,
729 2791 808 2877 tibi
820 2791 1085 2910 dicavimus,
1113 2822 1208 2906 quas
1221 2794 1431 2897 judicium
1456 2813 1583 2875 tuum
1603 2813 1726 2883 acre,
1753 2808 1804 2866 ac

406 2901 725 3032 diligens‚1quo
752 2922 844 2989 tam
869 2905 911 2986 iii
930 2904 1230 3017 Reipubulicae
1255 2923 1342 2988 tuac
1365 2902 1573 3015 negotiis,
1601 2923 1734 3010 quam
1763 2894 1807 2977 iii

405 3015 650 3099 litterarum
669 3013 813 3098 studiis
832 3017 998 3114 uteris,
1024 3018 1293 3124 experiatur,
1319 3033 1369 3099 ut
1387 3015 1530 3100 animo
1549 3008 1625 3093 illo
1648 3029 1726 3094 tuo
1743 3005 1803 3089 in·

401 3147 543 3233 genito
553 3181 566 3224 ,
588 3125 701 3234 quid
719 3124 841 3206 deca
858 3123 1026 3208 senseris
1044 3151 1189 3208 coram
1205 3126 1419 3236 exprimas
1439 3174 1449 3192 ·
1480 3120 1607 3204 Vale.

469 3261 556 3358 .Αά
584 3264 790 3360 eundem
803 3255 1091 3359 Franciscum
1112 3259 1392 3374 Thronum,
1410 3257 1636 3353 Ludovici
1649 3247 1807 3348 filium

409 3399 542 3504 suam
563 3409 621 3500 in
634 3395 973 3532 Thucydidem
989 3470 1006 3514 ,
1021 3432 1169 3532 quein
1187 3401 1463 3492 Laurentius
1487 3386 1623 3492 Valla
1652 3395 1704 3485 iii
1727 3392 1811 3484 La-

409 3550 566 3641 tinum
586 3534 846 3637 sermonem
864 3566 1179 3646 converterat,
1205 3538 1571 3665 recognitionem
1596 3519 1817 3625 transmi-

407 3678 466 3781 sit
500 3679 629 3776 idem
650 3668 1016 3777 bartholomaeus
1038 3662 1329 3786 Benacensis,
1351 3667 1410 3765 de
1431 3703 1523 3804 qna
1549 3660 1630 3761 suo
1651 3658 1776 3761 loco.
1830 3754 1834 3760 .

485 3824 567 3915 IX.
597 3827 652 3914 ln
671 3810 774 3930 hac,
785 3846 928 3948 quam
941 3800 1276 3946 prosequimur,
1287 3813 1554 3908 tractatione
1577 3829 1630 3902 ut
1651 3789 1811 3902 locum

410 3954 619 4094 aliquem
645 3945 732 4053 fibi
757 3948 959 4051 vindicet
977 3951 1129 4066 Jovita
1150 3951 1368 4082 Rapicius
1389 3948 1655 4052 Brixianus,
1676 3936 1812 4036 efficit

416 4089 600 4195 libellus
628 4091 696 4190 -de
724 4085 895 4229 puerili
920 4087 1215 4188 Institutione
1238 4081 1297 4180 ad
1311 4086 1527 4181 Redintes
1553 4149 1567 4192 ,
1599 4088 1645 4170 dc
1667 4080 1817 4169 Decu-

416 4244 567 4334 rinnes
592 4240 928 4367 Bergomates,
961 4222 1020 4323 ab
1050 4263 1106 4323 eo
1132 4214 1414 4357 conscriptus
1441 4291 1456 4334 ‚
1479 4216 1726 4354 postquam
1764 4215 1814 4310 iti
1920 4224 1926 4233 '

420 4414 470 4474 ea
490 4378 676 4471 civitate
695 4403 849 4467 annos
882 4402 1023 4502 prope
1049 4371 1157 4463 XV.
1170 4353 1356 4499 publico
1384 4352 1609 4495 stipendio
1641 4349 1815 4450 condu-

416 4507 812 4629 &inliteratum
832 4497 998 4602 luduin
1013 4496 1208 4602 rexiffet.
1230 4489 1537 4602 Exeolibello
1559 4527 1704 4594 mauu
1716 4529 1818 4591 exa-

417 4684 518 4751 rato
528 4653 822 4749 'Prooemium
834 4640 962 4742 illico
984 4639 1150 4741 refero.
1816 4675 1821 4684 ·

414 4826 591 4950 Magnis.
600 4822 1188 4932 maurimonasterium
1197 4805 1825 4936 Bergomffoviruliupi'ciusw,

413 4959 723 5178 MArsum
739 4977 864 5064 illum
874 4973 1086 5062 Catonem
1103 4964 1390 5080 grauissimum
1401 4962 1646 5051 senatorem
1656 4958 1728 5061 ,dt
1742 4961 1825 5043 lm·

582 5112 825 5209 peratoreru
842 5091 1060 5201 optimum
1077 5080 1217 5169 diotre
1244 5075 1423 5196 solitum
1449 5075 1660 5190 legimus,
1686 5067 1820 5153 existi-

578 5264 580 5272 ·
1648 5202 1768 5263 mare
