4459 6750
259 1021 262 1029 Ι
534 899 1290 1038 'GRAMMATICA.
1389 1023 1395 1038 ι
1512 954 1571 1017 ιι

227 1037 347 1138 e'dr'ta
375 1040 425 1137 in
451 1034 698 1166 perdum,
734 1053 860 1174 &in
876 1044 1299 1184 AchilleidaJSt'atii
1320 1044 1464 1189 plagii
1497 1064 1654 1156 nomi-

223 1211 282 1276 ne
307 1176 638 1282 traducantur.
677 1192 896 1286 Marcum
919 1183 1125 1299 Civilem
1161 1193 1223 1305 in,
1240 1194 1402 1293 Brixiae
1429 1200 1649 1335 Panegy-

225 1320 322 1422 rico
344 1326 536 1419 Cetetus
570 1318 660 1423 hoc
686 1323 904 1427 Disticho
927 1323 1256 1430 commendat:
1319 1365 1322 1371 ·
1764 1344 1767 1348 ’

333 1474 498 1583 Singula
515 1476 689 1589 facundi
715 1483 799 1587 q'uir
825 1479 937 1679 ptyra
964 1482 1093 1597 dicere
1123 1486 1282 1586 Marci,
1394 1541 1398 1547 -

389 1588 555 1673 Civilem
579 1588 730 1700 gaudet
757 1596 828 1698 qui
883 1617 1038 1680 terrare
1065 1589 1264 1704 domurn?

296 1724 369 1821 En
391 1715 481 1860 ipsa
505 1729 757 1826 Britannici
780 1724 1010 1868 Epistola:
1091 1717 1100 1836 ¹,
1181 1832 1186 1841 ,

320 1874 505 1988 Joanaes
528 1878 784 1967 Britannicus
805 1883 1026 1970 Brixianus
1060 1880 1201 1982 Marco
1219 1879 1345 1972 civiti
1357 1882 1546 1973 Brixiam

758 2018 935 2124 salutem
970 2025 1017 2108 P.
1039 2025 1102 2111 D.
1189 2029 1191 2031 ’
1444 2085 1448 2095 ·
1503 2093 1505 2097 .

225 2113 396 2333 ETii
418 2133 525 2221 mihi
546 2137 821 2254 exploratum
838 2164 953 2244 erat,
982 2139 1133 2233 Marce
1150 2139 1339 2260 Civilia,
1365 2147 1560 2233 omnium
1581 2142 1642 2231 fe

352 2273 398 2331 re
417 2246 683 2357 Scriptorum
707 2254 895 2367 iniquam
921 2252 1003 2340 effe
1029 2257 1348 2359 conditionem,
1374 2259 1492 2371 quod
1508 2283 1641 2370 quan·

218 2376 267 2442 to
283 2357 561 2460 excellentius
568 2362 672 2553 ‘dui‘
690 2365 734 2480 in
752 2364 928 2475 vulgum
947 2365 1110 2477 aliquid
1126 2369 1303 2470 ederet,
1318 2367 1485 2484 'suaque
1506 2366 1582 2481 ipfi
1592 2395 1640 2454 ur

217 2467 415 2579 plurimis
433 2471 565 2580 prode
597 2493 641 2556 et
661 2474 887 2578 industria,
904 2497 1026 2562 tauto
1044 2479 1085 2561 in
1106 2478 1148 2562 se
1165 2480 1452 2564 ardentiorem
1479 2502 1633 2563 eorum

216 2580 454 2664 concitaret
471 2581 700 2685 invidiam,
729 2589 802 2698 qui
821 2612 958 2698 quum
985 2586 1090 2672 nihil
1171 2587 1369 2699 regium,
1406 2586 1513 2671 nihil
1548 2611 1638 2669 ma·

215 2686 425 2886 fnificum
454 2690 530 2775 suo
556 2692 629 2804 ipsr
664 2698 852 2807 ingenio,
879 2696 995 2807 quod
1022 2697 1129 2783 obtu
1154 2725 1226 2783 um
1262 2722 1287 2783 a
1316 2716 1468 2783 natura
1497 2695 1637 2782 sortiti

240 2821 341 2901 unt,
367 2805 611 2909 excogitare
628 2829 821 2917 queant,
851 2808 997 2893 alienis
1026 2806 1258 2920 semper&
1285 2806 1555 2906 virtutibur,
1584 2804 1633 2890 δι

216 2909 361 2996 studiis
379 2912 643 3001 obtrectant:
672 2918 908 3008 existimavi
935 2941 1079 3005 tamen
1100 2919 1281 3005 instituti
1310 2920 1395 3004 mei
1424 2920 1634 3003 rationem

213 3023 333 3108 nullo
353 3024 520 3133 prorsus
540 3026 670 3111 modo
697 3031 1023 3132 omittendam,
1051 3034 1155 3145 quin
1175 3056 1249 3144 per
1274 3031 1445 3116 easdem
1470 3027 1634 3114 orbitas

219 3133 433 3219 industriae
452 3160 556 3218 meat
583 3138 846 3223 curriculum
884 3165 1087 3249 agerem,
1115 3168 1192 3251 per
1224 3164 1337 3251 quar
1352 3138 1495 3251 quoad
1523 3137 1633 3222 mihi

215 3271 293 3358 per
311 3246 456 3327 ocium
474 3244 621 3340 licuit,
641 3245 860 3357 hucusque
893 3274 969 3332 nec
980 3249 1200 3335 norlaude
1217 3249 1427 3334 bonorum
1449 3253 1635 3354 egimus.

217 3352 365 3437 Omne
384 3353 526 3450 enirn,
552 3353 669 3464 quod
682 3351 787 3439 mihi
806 3381 978 3455 acura,
1003 3356 1053 3440 dr
1080 3383 1126 3439 re
1143 3355 1380 3453 familiari,
1409 3378 1634 3462 procuran-

216 3464 360 3576 doque
394 3460 778 3548 cuitu-liberorum
807 3489 1003 3548 meorum
1031 3461 1187 3548 datum
1214 3462 1274 3546 est
1301 3461 1348 3546 dt
1375 3463 1553 3560 ocium,
1580 3461 1630 3550 dt

215 3595 390 3686 tempus
409 3576 472 3659 ita
495 3572 639 3658 studiis
658 3574 915 3684 impertiri,
929 3592 978 3658 ut
998 3578 1019 3672 <
1035 3571 1152 3683 quod
1170 3571 1343 3656 volebat
1362 3566 1520 3671 Plato)
1547 3594 1629 3657 non

212 3703 308 3773 tam
329 3684 437 3771 mihi
448 3713 497 3772 ea
510 3685 586 3770 soli
596 3681 677 3769 effe
696 3678 912 3770 frudiuosa
932 3684 1167 3780 voluerim,
1186 3700 1317 3795 quarn
1337 3686 1498 3770 carretis
1514 3686 1627 3768 aliis.

212 3794 330 3884 Eum
349 3798 465 3883 enim
483 3796 662 3881 demum
679 3820 759 3904 ego
776 3792 943 3907 semper
959 3794 1078 3880 miris
1105 3793 1400 3882 extollendum
1430 3795 1543 3882 laudi
1551 3797 1628 3881 bur

211 3905 380 4002 censui,
409 3908 483 4101 ‘ddi
503 3931 580 4013 pro
598 3904 747 4014 ingenii
779 3906 842 3990 sui
870 3924 999 4016 captu
1031 3903 1195 3990 Latinae
1224 3905 1374 4012 linguae
1412 3912 1623 3991 rationem

205 4016 387 4122 juvare,
483 4015 539 4102 ad
559 4030 833 4101 communem
852 4014 1031 4101 humani
1055 4014 1472 4126 generis-utilitatem
1500 4042 1626 4123 auge·

208 4151 258 4213 re
277 4123 501 4215 studuerit.
534 4123 711 4238 loquo,
740 4123 816 4213 etii
836 4122 1033 4212 multi&
1052 4141 1152 4206 ante
1171 4173 1186 4219 ,
1214 4116 1264 4202 ὃ(
1292 4117 1437 4201 nostris
1459 4142 1626 4230 tempo.

208 4237 327 4324 ribus
343 4265 440 4354 egre
454 4249 457 4256 '
470 4238 555 4325 iam
567 4263 775 4323 navavere
792 4260 992 4345 operam,
1023 4252 1099 4316 nec
1118 4233 1326 4314 minorem
1345 4230 1462 4335 apud
1491 4229 1622 4317 bonor

209 4350 385 4438 laudem
403 4267 577 4437 adecuti
597 4346 694 4432 sunt
715 4406 728 4448 ,
797 4372 897 4430 uam
917 4356 1068 4428 eoru‘m
1088 4341 1253 4426 labores
1271 4338 1503 4444 exstitere,
1533 4369 1622 4431 ma·

201 4461 347 4549 iorum
365 4482 535 4560 tamen,
565 4456 615 4545 dt
636 4459 778 4571 impro
836 4482 967 4552 rum,
993 4453 1069 4566 qui
1094 4479 1177 4537 non
1196 4451 1335 4536 minua
1363 4452 1509 4538 aliena
1526 4453 1621 4540 feli·

200 4573 351 4670 citati,
378 4568 708 4687 quamaraneoli
727 4561 1362 4664 muscirinfidianturmorsus,
1377 4562 1423 4648 dr
1443 4564 1619 4651 horren·

197 4683 276 4767 dor
295 4680 475 4770 latratur
504 4683 644 4769 vitare
680 4707 763 4767 non
859 4696 1067 4765 ruerunt:
1113 4694 1236 4762 tanta
1265 4670 1352 4760 sem
1386 4676 1617 4789 reprobor

195 4790 431 4903 Scriptores
447 4797 682 4880 comitatur
700 4793 785 4878 iovi
819 4795 884 4893 ia,
913 4788 962 4877 dt
982 4789 1212 4899 iniquitas.
1245 4782 1335 4902 Qri
1387 4789 1501 4874 enim
1530 4789 1615 4872 sce-

194 4899 340 4988 lestius
359 4904 408 4988 iis
419 4903 605 5007 judices,
632 4906 708 5020 qui
728 4931 810 4990 noo
831 4929 886 4988 ex
907 4928 979 5003 re,
1005 4900 1078 4986 sed
1096 4926 1151 4986 err
1171 4895 1363 4986 ulcerato
1383 4958 1396 5001 ,
1421 4900 1469 4985 dt
1489 4901 1615 4985 malie

194 5015 366 5100 venenis
383 5012 556 5101 imbuto
572 5016 790 5107 stomacho
806 5015 964 5103 alienos
983 5013 1149 5099 laborer
1167 5009 1375 5098 aestimant
1394 5010 1414 5094 ἓ
1438 5007 1614 5123 Iniquis-

197 5124 295 5213 imi
316 5127 494 5215 omnino
508 5126 566 5213 est
585 5131 741 5235 animi,
768 5124 1052 5322 eorurnBvelle
1078 5121 1329 5213 industriam
1347 5122 1613 5249 deprimere,

977 5261 1002 5317 2
1454 5254 1557 5342 qul,
