4459 6750
768 877 1284 1002 PO'ETICA·
1574 912 1642 1000 '18

489 1011 678 1103 Bellaeum
706 1023 848 1129 excipio
877 1053 1003 1113 meum
1022 1089 1034 1126 ‚
1052 1051 1241 1135 tuumque
1257 1088 1272 1133 ,
1653 938 1677 1027 5

496 1133 545 1212 Si
572 1127 674 1232 quid
691 1143 920 1240 promerui,
949 1141 1043 1226 velie
1070 1140 1260 1242 libenter,

495 1246 543 1323 Si
571 1265 646 1321 non
670 1253 884 1349 promerui,
914 1277 1026 1359 rogo,
1055 1246 1297 1364 obsecroque,

494 1357 698 1434 Communi
716 1359 908 1455 Domino,
927 1379 1069 1461 tuoque
1086 1367 1187 1463 Regi
1229 1456 1232 1461 Ι
1352 1394 1354 1398 “

498 1467 777 1567 Integerrimo,
794 1465 837 1543 6
860 1470 1032 1569 optimo,
1050 1488 1171 1569 atque
1202 1466 1266 1551 dio

496 1572 780 1656 Commendare
806 1598 901 1654 mea
929 1574 1010 1658 dies
1027 1572 1221 1685 senella,

492 1681 583 1766 Illoe
612 1701 659 1765 ut
678 1679 824 1791 foveat
842 1681 1017 1793 favore,
1044 1685 1087 1770 6
1108 1712 1211 1785 are,
1307 1786 1309 1790 ¹

491 1798 631 1876 Donec
660 1795 813 1896 vixero,
846 1793 890 1878 6*
906 1798 1063 1882 interim
1088 1791 1292 1904 precabor,
1394 1841 1399 1853 ·

487 1903 616 1988 Felici
644 1930 696 1986 au
709 1909 792 2010 pice
818 1909 961 2007 vivat,
990 1904 1263 2014 &triumphet
1268 1961 1287 2011 ,

491 2013 613 2097 Villis
629 2011 677 2099 bo
705 2013 785 2100 ibus
805 2018 1002 2125 improbis,
1019 2018 1208 2129 superbit.

491 2128 635 2220 Dices,
664 2127 858 2236 nonsatis
886 2127 959 2241 es,
988 2134 1092 2213 Deos
1116 2128 1288 2239 precari.

489 2236 644 2346 Urgebo
670 2243 838 2323 numeris
862 2238 1174 2349 potentibusque,
1265 2247 1268 2254 ’

491 2348 672 2454 Templa,
702 2349 855 2433 altaria
882 2349 998 2435 thure
1026 2347 1290 2439 concremabo⁴

494 2462 544 2539 N
545 2488 608 2540 um
623 2464 763 2565 parvi,
783 2457 866 2543 bec
893 2459 964 2544 tibi
984 2468 1148 2570 premia
1166 2461 1400 2576 estimantur

495 2578 578 2656 Pro
598 2568 708 2652 villu
726 2567 830 2683 senis
851 2575 968 2653 *unius
996 2579 1167 2658 minuti?

488 2685 589 2763 Hac
604 2677 769 2787 pincerne
789 2685 975 2789 Superos,
996 2684 1230 2793 placentque
1250 2679 1399 2797 eisdem.

492 2796 539 2873 Si
554 2819 630 2875 non
649 2795 854 2876 extiterint
885 2798 990 2894 Dei,
1020 2802 1222 2901 Deaque,

492 2907 592 2986 Hac
609 2900 731 3017 sunt,
750 2929 837 3008 qua
858 2901 1020 3015 faciunt
1039 2913 1167 3005 Deos,
1192 2904 1374 3016 Deosque

487 3011 659 3119 Thura,
686 3011 730 3098 6*
749 3020 948 3117 carmina,
978 3015 1021 3100 6
1039 3015 1329 3133 obsecrationes.

721 3168 803 3253 old
838 3170 971 3255 Deum
1005 3174 1053 3256 cle
1087 3176 1224 3259 colem.
1299 3190 1403 3297 pag.
1421 3196 1531 3280 591.

436 3307 549 3423 Jusle
565 3303 756 3393 bominum
768 3307 892 3407 judex
914 3319 1026 3392 Deus
1044 3312 1190 3503 aspice,
1220 3313 1385 3416 denique
1403 3313 1546 3398 vindex

499 3417 680 3527 Respice,
701 3445 818 3522 qnam
832 3415 986 3530 sruslra
999 3441 1052 3524 pu
1058 3420 1128 3528 so,
1152 3439 1267 3526 peto,
1294 3420 1337 3504 6*
1356 3441 1503 3530 repeto.

439 3534 552 3653 Qec
572 3530 734 3612 Carolus
751 3526 865 3610 debet
880 3555 1071 3625 nummos,
1090 3532 1180 3636 sum
1205 3553 1375 3637 pauper,
1396 3536 1602 3640 egensque,

500 3646 581 3722 Aes
599 3666 742 3744 nequeo
759 3664 786 3739 a
803 3663 941 3747 magno
962 3643 1141 3746 Principe
1159 3636 1301 3726 babere
1320 3668 1463 3726 meum.

433 3750 573 3867 Nescio
602 3747 702 3853 quid
718 3746 893 3859 faciam,
918 3746 994 3859 fac
1022 3771 1089 3847 tu,
1116 3771 1221 3856 poter
1250 3749 1324 3866 ipse
1348 3774 1577 3865 potentem,

496 3867 533 3942 F
536 3860 680 3943 lettere
692 3918 705 3955 ,
734 3886 780 3941 ne
799 3865 926 3940 uticam
944 3886 1095 3966 cogere,
1124 3885 1209 3965 coge
1238 3884 1384 3945 tamen.

436 3968 642 4084 Posquam
662 4023 676 4066 ‚
696 3997 808 4074 quem
829 3973 995 4051 numeris
1013 3974 1132 4054 cecini
1141 4029 1153 4069 ,
1172 3968 1215 4053 6
1223 3970 1338 4082 super
1356 3974 1459 4082 asra
1477 3972 1627 4078 locavi,

499 4079 731 4165 Deturbare
759 4079 866 4194 asinis
894 4107 1033 4190 cogor,
1062 4080 1105 4165 6*
1135 4108 1163 4160 a
1193 4085 1377 4164 numeris.

399 4250 519 4339 Item
546 4237 602 4335 ad
632 4232 902 4335 Cardinales
939 4225 1368 4351 Matisconensem‚
1404 4239 1738 4353 Turnonium,·

383 4385 666 4480 rminiacum
697 4373 874 4472 exstant
906 4368 1048 4475 Sabaei
1072 4372 1458 4507 Epigrammata,
1481 4412 1583 4512 quae
1610 4372 1742 4473 miffa

384 4528 580 4635 cientes,
618 4548 769 4613 unum
794 4544 1006 4627 tantum,
1043 4547 1295 4647 antequam
1315 4551 1342 4611 e
1363 4509 1538 4615 Galliis
1559 4514 1743 4615 exceda-

388 4698 459 4780 us,
473 4656 548 4760 hic
567 4649 1072 4792 subjungimusutique
1084 4645 1305 4770 facetum,
1320 4647 1564 4775 &tersum
1577 4669 1684 4795 p.48
1695 4691 1741 4795 5¹.-

626 4853 705 4939 vla
729 4845 966 4933 Gulielmum
990 4847 1103 4929 l’ont.
1131 4841 1451 4961 Megalonensem.

415 5002 552 5100 ,Ante
575 4972 679 5103 sores
707 4985 854 5098 clausas
882 4984 975 5069 binio
1004 5010 1072 5069 nec
1095 4981 1247 5182 proserit
1271 4982 1396 5084 boris,
1429 5092 1432 5099 .

486 5105 697 5210 ¹Jcp'unuo,
724 5102 886 5219 mensam
914 5126 1032 5209 quum
1057 5119 1158 5207 popu
1170 5100 1276 5205 aris,
1302 5121 1433 5192 eram«

382 5227 434 5305 P.
448 5220 505 5303 tt
900 5234 904 5241 ·
1066 5208 1157 5297 Aa
1322 5308 1326 5315 ,
1590 5223 1699 5315 Λιιψ
