4459 6750
773 870 1373 999 onar-nura.
1663 901 1726 988 97

387 1004 637 1092 videretur.
667 1003 859 1112 Juniores
883 1040 1005 1116 vero,
1035 1014 1082 1098 ὅ(
1100 1017 1226 1100 nostri
1247 1014 1384 1100 saculi
1405 1009 1597 1096 homines
1627 1027 1799 1095 tantum

390 1116 543 1202 absunt
564 1147 587 1200 a
609 1122 758 1233 culpa,
787 1136 936 1208 utnon
957 1128 1086 1208 modo
1104 1129 1218 1238 digni
1241 1127 1387 1225 venia,
1418 1124 1641 1208 sedetiam
1671 1117 1799 1203 laude

389 1227 497 1311 sint.
540 1227 661 1314 Nam
683 1233 871 1346 plerique
889 1262 1061 1334 eorum,
1090 1265 1191 1321 cum
1220 1238 1341 1322 aliud
1366 1255 1563 1346 agerent,
1589 1232 1637 1314 ὅ(
1655 1227 1800 1314 nudio-

389 1365 481 1439 res,
510 1343 553 1423 in
573 1340 727 1448 quibus
745 1344 940 1445 rhythmi
961 1349 1124 1426 mentio
1142 1346 1254 1429 fadis
1279 1347 1362 1446 est,
1392 1351 1799 1455 interpretarentur,

388 1451 434 1533 in
455 1454 785 1536 commentarios
816 1452 909 1535 suos
938 1455 1399 1554 multacontulerunt,
1427 1459 1582 1566 quibus
1609 1443 1798 1534 nonni-hii

389 1562 520 1647 labor
551 1559 619 1643 hic
651 1563 787 1643 noster
805 1558 1062 1675 adjuratur.
1104 1562 1187 1648 Sed
1216 1567 1259 1648 in
1276 1590 1327 1646 eo
1350 1589 1524 1675 quoque
1550 1592 1623 1646 nos
1649 1585 1801 1645 eorum

389 1671 592 1756 doctrina
622 1669 805 1756 delcetat
822 1701 835 1774 ;
874 1672 990 1783 quod
1019 1671 1214 1777 rhythmi
1245 1673 1368 1776 hujus
1397 1676 1678 1784 cognitionem
1708 1672 1802 1752 scri·

397 1780 594 1893 ptoribus
623 1785 773 1867 utilem
810 1782 998 1869 sentiunt
1028 1817 1039 1888 ;
1078 1787 1151 1869 sed
1190 1786 1296 1871 hanc
1326 1786 1550 1870 rhetorica
1579 1782 1804 1892 disciplinae

396 1914 567 2002 partem
597 1894 664 1976 vel
694 1892 921 1991 interiisse,
950 1898 1019 1980 vel
1049 1921 1165 1981 certe
1192 1898 1418 1984 obscuram
1439 1895 1520 1982 esse
1549 1899 1805 2003 conquerun-

397 2027 505 2087 tur.
546 1999 659 2115 Qrae
686 2009 797 2090 ratio
822 2035 894 2089 nos
920 2012 1091 2107 movit,
1123 2031 1206 2108 ut,
1237 2039 1337 2094 cum
1357 2010 1429 2095 alii
1461 2036 1537 2120 pro
1567 2007 1608 2089 se
1627 2001 1805 2116 quisque

396 2142 490 2198 rem
512 2113 789 2214 litterariam,
817 2142 902 2225 qua
923 2140 1043 2229 parte
1061 2119 1244 2229 possent,
1259 2120 1408 2222 juvare
1427 2137 1664 2214 tentarent,
1677 2115 1805 2223 idque

397 2226 576 2323 multis,
604 2252 655 2307 ac
675 2227 834 2337 magnis
854 2231 895 2310 in
912 2229 1036 2315 rebus
1060 2228 1151 2332 jam
1171 2230 1482 2343 praestitissent,
1513 2257 1584 2314 nos
1613 2249 1806 2338 quoquer

391 2337 603 2447 quoniam
629 2334 790 2436 majora
821 2365 901 2420 non
932 2341 1144 2450 possumus
1171 2402 1186 2445 ,
1215 2346 1543 2456 experiremur,
1571 2368 1625 2425 an
1654 2337 1733 2420 hac
1763 2338 1805 2415 in

401 2467 550 2556 parte,
577 2446 632 2529 ab
650 2447 745 2529 aliis
765 2448 973 2557 negledia‚
1006 2454 1061 2536 ab
1077 2455 1200 2554 aliis,
1229 2455 1343 2568 quast
1366 2453 1525 2567 percipi
1546 2449 1662 2534 nullo
1682 2443 1809 2556 pado

395 2577 582 2667 queant,
605 2556 883 2668 -deposrta,ac
911 2563 1156 2675 desperata,
1185 2567 1241 2652 ab
1271 2569 1365 2653 aliis
1390 2563 1503 2677 quafi
1524 2565 1663 2646 minus
1693 2580 1815 2640 exco·

398 2670 564 2790 girata,
591 2693 615 2750 a
636 2669 784 2755 multis
802 2670 1058 2777 desderata,
1088 2704 1112 2763 a
1137 2679 1278 2788 paucis
1297 2669 1702 2784 intelledia,aliquid
1720 2666 1811 2778 opis

399 2777 554 2861 afferre
572 2777 791 2888 possmus.
811 2780 959 2893 Atque
977 2789 1021 2870 id
1041 2787 1202 2890 majore
1221 2787 1378 2875 fiducia
1396 2776 1811 2898 aggredimur3quod

401 2914 618 3000 nunquam
646 2891 690 2973 in
707 2893 868 3003 magnis
887 2899 946 2981 ita
966 2894 1126 2983 fuimus
1153 2904 1383 3010 occupati,
1414 2921 1465 2982 ut
1492 2899 1656 2983 minora
1687 2888 1813 3000 negli-

396 3026 591 3108 geremus
609 3061 623 3104 ,
654 3030 788 3116 neque
804 3031 994 3117 unquam
1013 3005 1157 3094 sumus
1178 3013 1238 3094 ita
1260 3003 1443 3120 speciosa
1468 3005 1643 3105 sedati,
1661 3021 1712 3086 ut
1731 3022 1812 3083 non

400 3113 527 3195 utilia
548 3111 866 3221 praeferremus.
890 3117 970 3214 ,Ad
988 3117 1102 3217 hac,
1133 3120 1272 3204 nullus
1303 3149 1372 3203 me
1394 3117 1619 3212 successus,
1650 3134 1725 3195 aut
1755 3111 1816 3191 sa·
1933 3164 1937 3170 -

398 3248 480 3304 vor
502 3247 691 3411 unquam
720 3224 783 3306 ita
801 3227 944 3334 potuit
963 3226 1130 3330 inflare,
1161 3251 1208 3312 ut
1225 3250 1366 3314 artem
1388 3227 1566 3335 puderet
1629 3221 1817 3328 roloqui,

400 3357 537 3439 quam
576 3331 783 3414 aetiten·
815 3332 1115 3444 Qramobrem
1137 3337 1243 3418 nibil
1262 3334 1520 3418 invidiosum
1541 3251 1650 3414 mihi
1678 3329 1815 3425 sumo,

404 3442 436 3521 sr
460 3440 620 3539 musta,
651 3466 766 3549 qua,
795 3445 993 3551 quamuis
1013 3443 1135 3525 utilia
1147 3500 1160 3543 ,
1190 3471 1241 3527 ac
1261 3470 1391 3555 prope
1413 3440 1633 3525 necessaria
1645 3493 1660 3539 ,
1681 3439 1821 3523 caeteri

400 3572 681 3636 contemnunt
691 3549 923 3661 ,collegisse
940 3578 1010 3635 me
1027 3552 1147 3655 dico,
1165 3552 1213 3638 &
1232 3580 1279 3638 ea
1302 3556 1344 3637 in
1364 3578 1637 3638 communem
1656 3576 1821 3649 eorum,

401 3664 478 3774 qui
499 3660 714 3761 nesciunt,
732 3660 856 3748 usum
876 3658 1064 3773 proferre
1084 3691 1165 3749 non
1184 3665 1413 3750 erubesco.
1446 3664 1667 3779 Quicquid
1688 3662 1820 3771 igitur

404 3773 462 3873 ad
501 3772 696 3875 rhythmi
723 3776 899 3858 oratorii
928 3828 943 3870 ,
972 3802 1101 3882 qoem
1127 3776 1374 3860 Aristoteles
1399 3803 1455 3859 ex
1485 3778 1643 3887 pedum
1673 3773 1821 3856 ordine

404 3882 519 3968 nasci
549 3885 818 3980 arbitratur,
849 3885 1129 3993 cognitionem
1170 3888 1377 3995 pertinere
1416 3886 1560 3968 sumus
1590 3884 1818 3978 arbitrati,

403 4012 565 4103 quanta
587 3998 804 4101 potuimus
832 4021 933 4077 cura
964 3994 1149 4101 undique
1168 3994 1518 4107 conquisivimus,
1543 3992 1723 4101 <&,quae
1743 4016 1823 4071 non

404 4106 545 4190 solum
575 4107 691 4215 apud
711 4104 917 4207 Muficos,
937 4104 1241 4213 Philosophus,
1263 4105 1498 4201 Rhetores,
1512 4102 1745 4214 Sophistas,
1775 4125 1825 4182 ac

407 4216 750 4317 Grammaticos,
779 4217 851 4300 sed
881 4218 953 4301 vei
979 4243 1003 4299 a
1034 4214 1170 4299 dodtis
1199 4214 1441 4300 hominibus
1469 4214 1639 4312 audivi,
1669 4211 1738 4293 vei
1766 4212 1827 4321 ip-

407 4325 452 4410 se
478 4330 742 4438 excogitavi,
771 4330 816 4411 id
835 4348 979 4412 totum
1000 4328 1041 4410 in
1061 4326 1191 4411 libros
1205 4349 1394 4439 quatuor
1412 4325 1596 4422 contuli,
1617 4346 1746 4436 atque
1764 4323 1825 4406 ita

408 4438 573 4545 digeffi,
603 4442 714 4529 utin
739 4441 877 4551 primo
895 4438 1007 4523 libro
1025 4466 1050 4523 a
1078 4442 1266 4549 numeri,
1297 4466 1347 4523 ac
1365 4436 1559 4540 rhythmi
1577 4435 1826 4520 diffinitione

408 4545 554 4654 orsus,
582 4549 822 4636 nonsolum
854 4548 1027 4652 versus,
1048 4555 1103 4634 ac'
1115 4564 1286 4651 metra,
1299 4549 1369 4633 sed
1389 4552 1530 4635 omnia
1551 4546 1826 4660 prorsusalia,

411 4656 888 4775 rhythmorumgenera
915 4661 972 4746 ab
988 4664 1197 4747 oratorio·
1214 4660 1422 4764 rhythmo
1449 4651 1727 4763 sejunxerim,
1756 4657 1828 4754 ἃ,

411 4768 571 4880 quibus
600 4774 774 4859 tandem
791 4773 862 4858 hic
881 4772 1272 4883 pedibusconstitui
1288 4771 1432 4880 possit,
1465 4771 1760 4882 expresserim,
1779 4791 1828 4851 ac

409 4906 543 4981 mort,
562 4883 636 4992 qui
656 4882 850 4986 rhythmi
868 4884 946 4968 sint
976 4911 1000 4969 a
1027 4883 1241 4968 veteribus
1259 4884 1490 4997 improbati
1512 4942 1524 4981 ,
1550 4880 1600 4966 2&
1619 4886 1661 4965 in
1677 4879 1832 4964 oratio·

407 5016 465 5077 ne
484 4992 828 5108 numerosaque
847 4998 974 5081 vitari
995 4998 1118 5094 vitia,
1136 5015 1332 5110 oporteat
1354 5060 1363 5080 .
1394 4997 1443 5079 In
1464 4988 1833 5077 secundotenravi·

406 5130 509 5297 nup
528 5102 882 5299 qpendere,.quo
901 5107 1031 5197 modo
1048 5133 1075 5193 a
1094 5105 1238 5301 Puppis
1259 5105 1462 5195 Oratores
1472 5162 1486 5211 ,
1515 5089 1833 5292 metrumerefu·

505 5268 517 5296 .
578 5279 588 5301 .
1660 5234 1703 5322 gr
1738 5234 1780 5293 n-
