4459 6750
635 934 640 945 ,
768 842 1065 952 NASO
1446 890 1528 950 mr

181 983 307 1065 nime
327 997 469 1061 tamen
490 980 645 1068 adduci
666 999 860 1094 poteram
881 1042 895 1084 ,
924 1004 982 1070 ut·
1008 1006 1182 1081 eorum,
1210 1005 1305 1092 quae
1324 1012 1374 1070 ne
1393 989 1613 1072 mediocri·

196 1114 260 1173 ter
288 1089 462 1199 quidem
492 1092 625 1178 noetis
653 1096 795 1202 ignota
825 1097 920 1179 sunt
942 1136 964 1196 ,·=
997 1096 1250 1207 imperitum
1278 1096 1358 1177 effe
1392 1121 1613 1207 putarem,

190 1227 293 1281 cum
321 1199 558 1309 prasertim.
580 1203 628 1287 se
656 1206 864 1310 omnibusq
884 1206 1018 1290 doetis
1059 1225 1317 1313 anteponat.
1349 1203 1479 1291 Nunc
1507 1236 1611 1294 veto

191 1309 371 1418 quidde
390 1309 466 1393 isto
486 1314 533 1398 fit
552 1313 849 1417 sentiendum,
864 1343 930 1400 ex
951 1318 1031 1400 hoc
1059 1317 1266 1426 Dialogo,
1296 1315 1324 1398 fi
1348 1319 1517 1426 quando
1535 1346 1606 1402 vo·

195 1421 257 1502 bis
278 1418 419 1529 ipsum
436 1452 678 1535 percuttere
698 1425 1037 1527 vacabit,·facile
1060 1426 1291 1526 dijudicare
1311 1431 1502 1537 poteritis
1520 1439 1529 1511 ζ
1563 1433 1612 1512 In

192 1557 279 1720 guo
299 1531 473 1641 quidem
496 1534 749 1623 soloecismos
765 1537 821 1622 ab
840 1537 917 1623 isto
938 1542 1047 1622 inter
1067 1536 1370 1645 disputandum
1389 1539 1607 1634 admissos,

211 1671 224 1723 1
245 1644 384 1747 minus
403 1646 510 1733 mihi
532 1645 799 1757 reprehensos
818 1648 1032 1745 videtitis,
1054 1645 1158 1731 nihil
1176 1647 1235 1731 est
1253 1649 1369 1760 quod
1387 1649 1610 1740 miremini,
1739 1718 1742 1739 .

193 1749 341 1836 Bestia:
374 1780 556 1867 namque
577 1759 693 1843 adeo
712 1758 888 1845 rusticus
915 1759 978 1858 est·¹
995 1757 1161 1860 sermo,
1190 1778 1240 1843 ut
1268 1758 1432 1842 nuliam
1459 1760 1613 1844 adruit·

195 1880 261 1945 tat
281 1866 622 1956 cornutorum..
638 1868 1311 1958 :Valeteclariffimarstudiorum
1335 1890 1583 1955 ornamenta
1596 1924 1612 1958 -.

195 1969 352 2062 Paduae
373 1979 519 2065 Idibus
542 1979 694 2065 Martii
716 1969 1282 2069 Mccccoxxxv1111.,
1534 2018 1537 2023 ·
1596 1994 1599 1998 ’

267 2085 417 2187 Adest.
439 2092 626 2188 tandem
648 2101 698 2188 in
729 2092 899 2190 eodem
923 2089 1084 2190 libello
1110 2088 1249 2229 ipsrus
1264 2091 1522 2230 'Raphaeii's
1550 2090 1608 2190 ad

196 2215 818 2366 SigismundumUngarum
848 2228 1086 2368 Epistola,
1126 2240 1192 2330 in
1244 2272 1304 2328 ua
1340 2268 1435 2329 non
1462 2230 1607 2359 modo¹

195 2361 547 2502 deCalphurnii
563 2365 821 2486 erroribus,
851 2366 926 2468 sed
951 2369 1007 2467 de
1033 2383 1129 2494 eius
1161 2269 1368 2486 indrdiis,
1397 2381 1441 2466 δι
1458 2365 1609 2487 dolis,

191 2507 309 2634 quin
348 2503 404 2603 de
431 2504 662 2606 horrendo
695 2504 904 2631 facinore·
927 2518 1119 2646 agitur,
1154 2510 1283 2648 quod
1321 2503 1512 2609 nonnisr'
1546 2502 1607 2602 ab

192 2637 423 2751 horrenda
437 2642 773 2753 ,calumniandi
803 2636 1006 2772 libidine.
1023 2644 1280 2755 confidtu‘tn
1305 2655 1409 2784 quis
1426 2643 1605 2743 credat}

397 2798 573 2906 Raphael
592 2801 739 2910 Regius
763 2798 1010 2914 Sigrfmundo
1033 2800 1191 2914 Ung‘aro
1211 2800 1397 2884 Salutem.
1435 2805 1439 2816 '

313 2918 392 3004 Uae
412 2918 623 3027 superiore
643 2921 796 3022 hyeme
813 2950 839 3007 a
859 2923 1125 3031 Caiphurnio
1140 2923 1328 3032 quodam
1356 2918 1494 3006 Bestia
1514 2920 1608 3004 sub·

337 3051 531 3147 ornatus,
565 3032 632 3115 vel
654 3032 865 3140 proposito
882 3060 1009 3147 aureo
1029 3061 1207 3125 nummo
1227 3031 1438 3144 postulasti
1452 3072 1469 3129 ,·
1485 3053 1532 3117 ut
1547 3034 1606 3133 ti·

186 3143 231 3228 bi
260 3152 550 3253 exponerem,
579 3141 736 3233 ideirco
754 3144 795 3245 i'n
815 3142 933 3234 hunc,
949 3142 1083 3252 'usque
1114 3148 1228 3237 diem
1255 3143 1397 3233 distuli
1416 3170 1608 3228 enarran-

188 3258 266 3347 da,
294 3255 411 3361 quod
432 3252 719 3357 Calphurniue
737 3252 838 3349 iste,
866 3250 983 3350 cujus
1004 3251 1243 3337 foediffimos
1262 3277 1420 3334 errores
1438 3250 1478 3333 in
1495 3251 1609 3334 'Acass

189 3355 635 3447 demia‘diffeminatos
654 3359 1010 3467 reprehendebam
1031 3356 1044 3457 ,
1074 3390 1173 3445 cum
1193 3362 1450 3470 argumentis
1478 3360 1609 3442 stulti·

189 3478 271 3579 tias
293 3471 494 3552 sua'snOn
526 3468 661 3548 solum
691 3472 822 3576 tutari
853 3496 934 3550 non
962 3470 1093 3578 poffet
1113 3497 1301 3567 ,verum
1326 3473 1367 3551 in
1397 3472 1487 3552 dies
1506 3495 1602 3579 quo

185 3609 271 3694 que
296 3580 454 3691 magis,
484 3571 701 3685 magisque
724 3576 863 3675 rudis,
894 3573 939 3655 ἃ
960 3578 1182 3688 imperitus
1200 3576 1602 3687 deprehenderetur,

185 3695 242 3778 ad
261 3718 381 3792 arma
402 3685 623 3796 confugit,
654 3711 703 3767 ac
723 3685 1054 3796 flagitiusrffrmop
1080 3688 1286 3801 quosdam
1317 3715 1340 3770 e
1363 3686 1444 3773 suis
1463 3693 1603 3774 immi·

188 3803 373 3910 iit5'uui
393 3828 462 3883 me
484 3795 732 3908 pugionibus
749 3799 1104 3909 aggrederentur.
1136 3799 1251 3884 Istud
1280 3821 1379 3883 veto
1407 3798 1514 3886 mihi
1533 3799 1603 3884 ab

192 3916 311 3999 omni
332 3909 573 4008 civilitate,
603 3936 684 3996 non
715 3913 895 3995 ruodoa
925 3912 1068 3995 studiis
1087 3909 1429 4009 humanioribus,
1458 3914 1602 3994 itavi-

191 4026 286 4109 sum
318 4023 374 4106 est
397 4022 584 4105 alienum
608 4078 620 4120 ,
648 4044 699 4130 ut
715 4020 772 4105 ad
791 4042 986 4106 naturam
1007 4021 1191 4104 serarum
1214 4023 1406 4129 proxime
1435 4021 1603 4104 accede·

189 4166 235 4220 re
260 4195 272 4234 ,
302 4136 540 4242 meritoque
562 4129 744 4214 Bestiam
773 4121 1055 4243 cognominari
1078 4159 1138 4215 coe
1171 4153 1267 4213 tum
1293 4128 1347 4214 ab
1374 4130 1603 4227 omnibus,

186 4246 394 4359 quibusid
410 4269 558 4329 norum
580 4241 653 4340 est,
672 4242 1119 4353 &judicarintihiper
1145 4242 1342 4325 uadeam.
1357 4239 1602 4355 Quidenim

188 4362 323 4469 magia
352 4356 408 4439 ab
430 4355 639 4450 homine,
670 4354 803 4437 studia
824 4352 1060 4465 prasertim
1083 4353 1333 4438 humaniora
1362 4352 1602 4462 profitenti,

189 4471 418 4582 abhoitete
437 4464 691 4550 censendum
706 4465 768 4572 ,est
789 4521 802 4561 ,
828 4492 962 4575 quam
988 4469 1134 4566 eamr:
1153 4490 1280 4575 aquo
1298 4464 1516 4562 modeste,
1533 4465 1603 4547 ei·

189 4582 440 4694 viliterque,
469 4601 519 4660 ac
541 4602 595 4657 ex
617 4576 857 4694 Academia
877 4604 1030 4678 more,
1056 4579 1242 4688 graviter
1271 4579 1381 4686 iuter
1402 4572 1600 4683 profiten-

187 4686 461 4774 dum'erraffe
478 4686 742 4794 coarguarie,
772 4716 851 4774 non
873 4685 1070 4773 conviciis
1098 4687 1259 4786 modo,
1292 4708 1339 4770 ac
1361 4684 1479 4771 mille
1508 4713 1603 4784 con·

190 4799 410 4896 tumebit,
438 4823 590 4884 verum
619 4794 816 4908 ensibus,
886 4802 1188 4912 ugionibuique
1216 4804 1346 4881 etiam
1378 4796 1601 4893 insudarit

187 4935 453 5019 curatoque,
480 4930 536 4996 ut
561 4908 722 5021 flagitia
743 4964 757 5010 ,
778 4826 932 5021 quiflus
950 4911 1037 5021 ipse
1056 4931 1173 4995 totus
1203 4908 1248 4992 fis
1274 4911 1484 5022 perditur,
1512 4908 1609 4993 aliie

192 5025 235 5105 in
258 5019 1143 5132 auditorioeumipsarietibusjdctibamur?
1175 5020 1435 5134 Quanquam
1453 5037 1610 5102 autem·

190 5133 264 5251 vei¹
291 5131 382 5217 haec
412 5130 498 5216 (oia
528 5129 752 5243 clariffrrno
779 5134 977 5244 omnibus
1008 5131 1172 5248 potunt
1212 5133 1291 5217 esse
1320 5137 1608 5324 argurplento,

843 5315 917 5344 ,m
1426 5275 1440 5327 1
1480 5269 1503 5324 u
1523 5270 1572 5328 tn
