4459 6750
954 860 1259 967 ΝΛΜ.
1639 910 1732 996 ,05

393 1009 547 1105 autem
566 987 817 1103 respondere
836 994 1031 1098 noluisse,
1058 1000 1176 1115 quod
1191 994 1484 1099 existimaret,
1513 1027 1588 1089 vor
1616 1007 1812 1121 impense

403 1103 564 1202 ratione
588 1102 853 1228 provinciam
878 1105 987 1195 hanc
1019 1109 1269 1209 deseruisse,
1298 1106 1346 1200 ἀ
1407 1134 1471 1194 uae
1489 1114 1814 1222 petulantiffime

399 1211 671 1296 muliebriter
683 1209 1025 1323 'indignabundus
1040 1219 1314 1341 prosequitur
1340 1135 1473 1341 uiiqm
1499 1221 1557 1311 ad
1585 1223 1704 1316 illam
1723 1258 1815 1341 par.

401 1342 520 1423 tem,
545 1323 588 1407 in
635 1349 693 1407 ua
711 1323 1030 1428 debacchatur,
1059 1319 1380 1415 &furibundus
1406 1330 1544 1416 multa
1563 1333 1730 1446 indigna
1751 1366 1812 1430 re-

403 1432 499 1526 latu
520 1429 594 1524 ¹eff
647 1434 681 1517 't
698 1435 898 1521 adversus
919 1434 1181 1533 loannem‘T
1179 1439 1400 1541 aberium,
1431 1470 1512 1527 noo
1537 1441 1699 1555 vulgari
1719 1475 1808 1532 cru·

402 1544 602 1662 ditione,
630 1542 678 1630 dt
698 1572 870 1638 morum
888 1546 1106 1640 honestate
1131 1547 1349 1645 hominem
1369 1610 1383 1651 ,
1413 1551 1466 1643 de
1484 1578 1569 1663 quo
1587 1581 1709 1665 agens
1739 1583 1814 1666 per

407 1675 707 1848 conrerqptum
718 1713 733 1760 ,
760 1657 994 1768 quemdam
1023 1686 1078 1748 ex
1095 1658 1180 1746 istis
1199 1659 1505 1756 Grammaticis
1525 1661 1601 1752 libi
1618 1664 1816 1758 substitu-

404 1772 549 1861 tuma
583 1768 690 1869 erit,
719 1771 888 1878 privato
915 1771 1048 1880 magis
1074 1771 1342 1883 quorundam
1370 1770 1547 1870 favore,
1575 1799 1705 1884 quam
1735 1772 1815 1868 liu·

406 1873 624 1962 diosorum
639 1877 847 1978 juvenum
864 1879 1079 1981 utilitate,
1096 1885 1169 1992 qui
1189 1881 1394 1992 tantisper
1411 1883 1525 1993 legat
1543 1886 1563 1986 (
1573 1881 1708 1968 refero
1726 1910 1819 1968 ver·

400 1984 471 2069 rbis
492 1987 601 2084 suis)
620 1989 726 2081 dum
745 1990 853 2073 alius
867 2011 1065 2075 occurrat
1083 1994 1326 2098 acceptior.
1349 1991 1486 2091 Hac,
1513 1991 1561 2075 dt
1581 1991 1664 2078 alia
1695 1995 1737 2075 in
1769 1994 1817 2076 li·

407 2097 510 2177 teris
526 2095 740 2197 ejusdem,
768 2097 824 2188 ad
837 2123 946 2208 quos
964 2107 991 2203 (
1003 2121 1052 2187 ot
1070 2100 1231 2187 constat
1249 2119 1382 2193 manu
1400 2100 1614 2196 Gabrielis
1633 2100 1814 2204 Phayte

405 2205 510 2288 civis
539 2204 698 2307 vestri,
735 2205 782 2290 ὅ(
810 2205 964 2297 Scriba
991 2209 1279 2311 disertissimi)
1309 2211 1446 2297 restro
1473 2211 1646 2305 decreto
1673 2212 1815 2298 rescri-

403 2333 535 2423 ptum
552 2315 645 2400 est:
674 2315 804 2402 Suam
819 2317 948 2424 ,iplius
965 2319 1161 2430 culpam,
1191 2348 1271 2404 oon
1292 2320 1538 2408 Elediorum
1556 2316 1677 2404 fuisse
1698 2380 1712 2420 ,
1740 2316 1817 2436 qui

406 2451 489 2507 non
508 2452 582 2535 per
600 2428 786 2538 quinque
806 2427 1014 2525 dieculas,
1042 2429 1114 2514 sed
1133 2457 1207 2540 per
1226 2429 1297 2514 sex
1315 2431 1474 2519 menses
1489 2431 1818 2543 expedlarerant

404 2535 609 2645 promiffa
638 2541 951 2646 negligentem,
980 2535 1027 2623 dc
1056 2545 1219 2623 veniret
1251 2566 1329 2622 non
1366 2540 1495 2625 semel
1523 2598 1537 2638 ,
1572 2538 1644 2631 sed
1673 2537 1819 2645 sapius

408 2645 718 2732 admonuerant
743 2675 756 2747 ;
786 2647 994 2759 illumque
1021 2648 1064 2734 in
1090 2647 1154 2740 sui
1181 2650 1366 2741 criminis
1393 2647 1661 2740 excusatione
1688 2646 1822 2754 magis

409 2754 627 2870 deliquisse
647 2793 655 2840 :
684 2755 790 2840 dum
808 2782 882 2839 vos
890 2810 906 2857 ,
924 2760 998 2870 qui
1019 2758 1177 2868 publici
1199 2759 1366 2848 honoris
1387 2819 1401 2859 ,
1428 2756 1711 2846 accommodi
1729 2781 1827 2842 cau·

408 2866 454 2949 sa
477 2866 634 2976 jugiter
662 2893 761 2976 opes
789 2865 986 2967 alacriter
1004 2870 1227 2978 erogastis,
1257 2869 1561 2979 largissimeque
1588 2864 1822 2973 effudistis,

409 2977 602 3060 innueret
621 2978 793 3061 rusticos
803 3034 817 3078 ,
835 2977 963 3077 viles,
980 3003 1151 3079 avaros,
1181 2978 1342 3062 insanos
1358 2977 1527 3063 effedlos
1545 2976 1716 3078 (vestris
1733 3000 1823 3079 rcr-

407 3084 473 3169 bis
502 3115 576 3170 nec
595 3087 709 3172 addo
725 3086 961 3200 quidquam
981 3143 994 3184 ‚
1015 3115 1088 3172 nec
1107 3090 1326 3190 diminuo)
1345 3112 1392 3171 ut
1414 3092 1591 3170 minimo
1611 3087 1711 3171 huic
1728 3109 1824 3167 one·

407 3197 443 3278 ri
475 3196 594 3278 robis
622 3220 715 3282 tam
746 3197 875 3292 utili,
904 3219 1080 3305 tamque
1106 3223 1134 3278 o
1167 3218 1346 3305 portuno
1373 3223 1546 3304 parcere
1572 3194 1823 3279 volueritis.

404 3303 471 3388 Et
493 3307 536 3385 in
553 3305 669 3388 calce
695 3306 917 3384 literarum
937 3301 1026 3382 haec
1053 3302 1108 3386 ad
1127 3224 1296 3389 iiteram
1328 3301 1567 3387 habentur:
1596 3299 1825 3408 Postquam

409 3437 514 3497 vero
531 3438 606 3495 nos
626 3408 818 3521 pluribus
836 3412 919 3494 tuis
937 3408 1446 3516 comperendinationibus
1463 3407 1619 3493 illufilli
1631 3432 1825 3516 ,equum

410 3521 530 3622 fuit,
558 3542 689 3632 atque
707 3520 978 3616 conveniens,
1007 3538 1056 3599 ut
1076 3516 1222 3601 illusus
1249 3542 1510 3599 remaneres.
1539 3515 1621 3600 Sed
1648 3514 1824 3626 tandem

411 3632 550 3732 disce,
578 3633 653 3742 qui
682 3626 971 3715 benedicendi
991 3645 1130 3712 artem
1160 3622 1383 3733 profiteris,
1411 3623 1824 3710 maledidiadesere.

408 3735 489 3844 re,
520 3744 560 3825 ni
587 3741 733 3850 cupias
754 3735 1069 3824 maledidliones
1086 3738 1253 3823 audire.
1273 3734 1402 3846 Qrod
1418 3762 1593 3843 operam
1612 3756 1734 3824 tuam
1754 3762 1825 3822 nor

410 3855 477 3944 bis
495 3850 676 3949 offeras,
704 3848 785 3932 tibi
804 3849 958 3959 gratias
985 3849 1148 3957 agimus
1167 3876 1180 3948 3
1209 3844 1304 3929 &fi
1335 3872 1416 3927 non
1445 3850 1487 3936 in
1510 3844 1824 3954 praesentiarum

411 3959 741 4073 ampledlimur‚
769 3983 819 4040 oe
847 3956 1043 4056 mireris,
1068 3959 1169 4069 quia
1196 3956 1238 4037 id
1266 3956 1428 4062 agimus
1444 3954 1821 4049 ‘existimantemut

412 4073 676 4185 experientia
697 4068 909 4165 vidimus)
938 4066 1018 4151 tibi
1036 4071 1168 4176 magis
1185 4065 1445 4161 conducere,
1472 4082 1523 4146 ut
1549 4083 1686 4145 artem
1717 4057 1823 4147 bene

383 4209 391 4219 ‘
411 4184 581 4275 dicendi
600 4180 754 4276 discas,
782 4206 914 4292 quam
932 4179 1110 4261 doceas.
1142 4173 1270 4264 Vale.

484 4330 644 4457 Qam
666 4324 974 4420 narrationem
989 4310 1286 4413 Becichemus
1300 4320 1370 4421 ita
1393 4302 1830 4425 concluditoladin

415 4453 690 4598 insantrffime
708 4456 978 4591 senemque
992 4450 1148 4587 scribit
1169 4456 1228 4554 ad
1253 4484 1295 4555 re
1320 4454 1369 4555 dr
1392 4481 1434 4553 te
1452 4454 1668 4558 Brinniana
1693 4443 1827 4574 RF„

416 4638 520 4721 qun
555 4635 742 4699 uottsu
776 4632 827 4692 ru
855 4629 1086 4697 uurvuusa
1111 4602 1266 4691 lmus
1292 4605 1549 4716 (Seuerum
1581 4598 1821 4687 Venturum

414 4774 619 4849 mvmun
647 4773 782 4836 Msors
812 4770 949 4856 quau
981 4767 1235 4832 nourstun
1266 4732 1689 4851 sannunuxcrrro)
1726 4760 1819 4825 nur

419 4909 903 4991 SAPIEN·1·10REM‚AUT
933 4908 1277 4991 nomsnnrmus
1300 4903 1530 4973 nrrrorcun
1561 4901 1712 4966 euro,
1826 4934 1832 4944 -

484 5012 621 5116 Arde
643 5008 717 5112 his
740 5018 901 5148 iurgiis
915 5023 1010 5137 iarn
1026 5003 1152 5112 satis·
1176 5015 1339 5145 Siquis
1353 5044 1510 5111 autem
1526 5010 1704 5139 cupiat,
1722 5031 1826 5133 quse

1213 5156 1258 5245 O
1652 5173 1762 5279 prac-
