4459 6750
471 909 538 1015 '56
767 889 1436 1025 GRAMMATICA
1658 1027 1715 1045 ..

400 1029 728 1150 Corinthium,
745 1045 792 1130 δι
804 1032 1202 1151 Corinthiensem,
1219 1034 1519 1133 firmanum,
1536 1037 1577 1120 &
1595 1033 1801 1120 Brrxren-

402 1167 533 1290 sent,
569 1209 619 1269 ac
647 1167 735 1268 aii-a
761 1169 1065 1298 hujusmodi,
1091 1175 1232 1309 idque
1260 1156 1471 1269 adversus
1493 1155 1805 1258 Ambrosium

403 1307 706 1449 Calepinum:
979 1332 982 1339 '
1172 1317 1176 1325 ’
1234 1322 1239 1338 ’

931 1457 992 1533 Ex
1021 1452 1083 1533 lib.
1108 1475 1143 1549 ς.
1171 1449 1290 1530 c.18‘.

459 1558 632 1646 Lernaea
660 1589 758 1646 cum
790 1561 924 1663 hydra
956 1559 1063 1644 mihi
1093 1583 1155 1642 res
1190 1556 1277 1641 est.
1326 1547 1447 1645 Nam
1479 1569 1566 1651 quo
1599 1545 1723 1657 plura
1753 1567 1807 1626 er-

402 1699 545 1755 rorum
566 1672 704 1778 capita
725 1673 957 1770 obtrunco,
984 1670 1065 1756 hoc
1085 1667 1206 1778 louge
1227 1666 1349 1776 plura
1380 1659 1487 1743 mihi
1517 1655 1806 1782 obtruncando

405 1780 727 1889 suppullulant.
767 1780 907 1881 Sunt,
934 1786 1044 1867 inter
1069 1807 1173 1890 quos
1203 1776 1270 1859 vel
1293 1776 1453 1886 primus
1483 1767 1632 1850 audior
1659 1791 1811 1848 erroris

404 1899 429 1986 (
439 1889 510 1971 nist
529 1886 929 1990 fallor)Ambrosrus
949 1891 1201 2002 Calepinus,
1221 1885 1292 1996 qui
1313 1882 1810 2009 obstinatissimerenent,

403 2027 487 2081 non
517 2027 648 2081 unum
675 1999 754 2083 esse
774 2000 1055 2098 Corinthios,
1080 1999 1130 2084 dt
1157 1993 1504 2091 Corinthienses,
1533 2014 1734 2071 nrmrrum
1759 2004 1811 2066 ut

400 2108 651 2192 Corinthius
679 2108 728 2192 srt
747 2115 842 2220 ,qui
874 2137 925 2194 ex
945 2109 1157 2197 Corintho
1187 2126 1327 2204 natus,
1358 2102 1519 2185 ibidem
1541 2098 1703 2196 babet;
1731 2085 1813 2177 Co·

402 2217 635 2300 rinthiensrs
664 2246 796 2320 vero,
835 2227 909 2329 qui
946 2223 1115 2306 aliunde
1152 2240 1313 2313 uatus,
1350 2210 1549 2296 Corinthi
1591 2207 1810 2334 versatur,

402 2323 587 2437 Parique
612 2333 773 2414 ratione
804 2332 1051 2428 affirmant,
1078 2330 1180 2413 alios
1209 2326 1289 2409 eise
1312 2323 1572 2420 Brixianos,
1601 2320 1704 2403 alios
1725 2315 1813 2445 Bri·

404 2442 589 2534 aienses,
629 2442 732 2523 alios
761 2441 1004 2552 Hispanos,
1036 2442 1138 2525 alios
1176 2434 1510 2546 Hispanienses.
1559 2427 1816 2536 Circumspi-

400 2551 527 2631 cienti
548 2570 693 2633 autem
706 2552 829 2650 mibi,
848 2554 959 2637 unde
979 2551 1053 2636 ista
1073 2572 1164 2634 tarn
1183 2543 1466 2660 superstitiosa
1486 2567 1641 2651 vocum
1675 2537 1813 2621 distin·

401 2658 487 2742 etio
507 2661 547 2738 in
567 2688 754 2744 mentem
775 2665 959 2760 venerit,
991 2665 1106 2746 locus
1128 2658 1344 2745 Ciceronis
1362 2655 1417 2740 ad
1437 2652 1500 2736 M.
1520 2653 1706 2737 Coelium
1739 2649 1814 2733 sia·

402 2770 483 2847 tim
502 2777 712 2868 occurrit,
733 2777 792 2854 ita
814 2773 1054 2868 scribentis,
1083 2776 1224 2874 Itaque
1242 2795 1305 2874 ego
1326 2765 1430 2849 hunc
1447 2761 1732 2874 Hispaniensem
1752 2787 1815 2840 ca·

393 2874 480 2981 sum
498 2879 679 2978 expello.
710 2879 798 2960 Ubi
820 2881 1163 2965 luculentissimus
1180 2878 1327 2964 auctor
1349 2875 1546 2983 intelligit
1569 2873 1733 2955 bellurn
1763 2875 1814 2954 ci·

402 2984 486 3062 vile
507 2983 668 3089 gessum
691 3012 714 3067 a
733 2988 897 3070 Casare
918 2990 1116 3072 adversus
1137 2985 1441 3086 Petrejum,&
1457 2982 1684 3069 Afranium
1704 2982 1817 3091 apud

403 3093 625 3195 Ilerdam,
656 3094 730 3176 sus
754 3100 937 3209 iratique
955 3100 1077 3201 sunt,
1106 3098 1267 3180 bellum
1290 3097 1395 3179 iilud
1420 3094 1696 3206 Hispaniense
1719 3122 1815 3176 nun-

402 3198 568 3312 cupasse
588 3260 603 3304 ,
622 3124 780 3315 quoia
801 3206 1007 3294 Romanis
1028 3271 1040 3309 ,
1071 3237 1151 3292 non
1174 3208 1228 3292 ab
1250 3206 1450 3318 Hispanis
1469 3210 1509 3290 in
1529 3205 1736 3314 Hispania
1768 3203 1816 3285 fit

401 3317 586 3422 gessum.
617 3318 828 3403 Sedenim
851 3321 912 3404 isii
935 3321 1007 3433 ipsr
1021 3322 1269 3405 Ciceronem
1290 3317 1342 3402 de
1362 3318 1512 3402 eodem
1536 3317 1647 3399 bello
1669 3312 1819 3400 inHis·

402 3431 525 3532 patria
553 3428 665 3536 gesto
684 3430 786 3515 alibi
805 3430 1055 3516 scribentem
1080 3430 1106 3513 sr
1129 3431 1369 3537 diligentius
1389 3425 1707 3526 observassent,
1736 3428 1815 3511 uti·

404 3562 488 3641 que
507 3541 772 3641 reperissent,
801 3541 909 3620 illud
929 3543 1043 3620 idem
1066 3541 1227 3623 bellurn
1247 3540 1301 3620 ab
1323 3567 1371 3621 eo
1393 3541 1460 3621 vel
1484 3538 1726 3647 Hispanum
1747 3566 1815 3649 ap·

406 3643 615 3749 pellatam
637 3642 756 3725 fuisse
777 3704 785 3720 .
807 3705 816 3724 .
838 3707 872 3726 ..
915 3646 1172 3731 Observanti
1205 3672 1404 3755 praterea
1433 3648 1538 3732 mihi
1570 3678 1723 3760 magna
1754 3655 1812 3732 vis

402 3751 700 3856 exemplorum
731 3754 916 3866 undique
944 3756 1114 3854 adfuit,
1144 3757 1296 3868 quibus
1326 3760 1389 3842 isii
1419 3761 1639 3869 turpissimi
1663 3763 1813 3844 erroris

402 3861 762 3945 convincantur..
784 3924 793 3942 .
815 3922 824 3941 .
856 3867 926 3949 De
943 3866 1135 3951 addrrdiis
1164 3871 1293 3979 igitur
1312 3873 1518 3983 exemplis
1545 3872 1640 3954 luce
1660 3873 1815 3956 clarius

400 3968 558 4051 conflet
576 4030 590 4072 ,
620 3973 819 4084 quicquid
858 3977 922 4060 isti
952 3978 1183 4061 Aristarchi
1213 3979 1466 4064 somniantes
1493 3982 1727 4080 effutiunt,
1759 3986 1817 4066 in·

402 4100 467 4163 ter
497 4080 795 4186 Corinthium,
824 4085 871 4170 dt
889 4087 1253 4187 Corinthiensem,
1284 4090 1331 4173 dt
1352 4092 1393 4174 id
1414 4119 1575 4202 genus,
1603 4120 1816 4202 quacum·

398 4218 481 4378 qpse
519 4198 745 4279 memorari
782 4198 986 4309 possunt,
1024 4201 1192 4285 nomina
1223 4198 1327 4288 nihil
1365 4208 1536 4308 omnino
1562 4203 1813 4290 discriminis

401 4329 422 4379 e
457 4329 497 4384 e.

470 4475 598 4583 illico
620 4529 771 4593 autem
791 4460 987 4614 ,scilicet
1011 4513 1105 4637 cap.
1137 4542 1208 4618 19.
1228 4498 1390 4642 prohat
1401 4495 1648 4618 Romanus,
1663 4496 1813 4602 Athe·

402 4619 550 4749 rtienfis
570 4699 584 4742 ,
622 4644 668 4727 &
704 4634 748 4731 id
787 4672 932 4772 genus
960 4649 1100 4773 patria
1139 4654 1332 4742 nomina
1367 4678 1464 4741 tam
1488 4676 1602 4761 eos,
1638 4644 1723 4775 qui
1760 4644 1809 4731 iu

399 4755 537 4875 urbe,
562 4803 703 4899 quam
728 4786 810 4909 qui
839 4784 933 4874 ruri
955 4774 1225 4897 nascuntur,
1250 4779 1528 4920 srgrrificare3
1558 4810 1808 4913 nunquam

398 4937 554 5142 {sptem
579 4905 835 5009 dicendum
861 4914 909 5011 dt
932 4914 1102 5035 Imma,
1130 4922 1179 5019 dr
1196 4926 1382 5037 Brixia,
1419 4918 1493 5020 sed
1521 4916 1742 5035 idioma,
1781 4948 1805 5011 a

444 5077 586 5145 rrxra.

1665 5202 1742 5288 Etr.
1805 5149 1815 5158 -ss
