4459 6750
817 861 1337 969 FLACCUS.
1464 968 1471 975 ,
1698 890 1766 994 87

420 991 627 1123 {ignitique
657 991 705 1080 ὅ(
725 1021 798 1081 nor
812 1025 864 1085 eo
882 1026 1029 1089 amore
1049 996 1483 1120 prosequamini,quo
1492 1005 1657 1122 semper
1673 1009 1846 1104 cousue-

422 1104 564 1193 vrstrs.
590 1103 769 1208 Valere,
791 1110 1048 1220 Ampliffimi
1070 1113 1238 1201 Patres.
1256 1124 1390 1211 τέλως·

491 1274 616 1361 Inter
641 1271 779 1366 Viros
812 1266 1068 1384 Erudit05‚
1108 1304 1319 1407 quorum
1357 1269 1626 1408 catalogum
1657 1272 1846 1378 exhibet

420 1411 474 1499 in
500 1399 585 1498 lrac
610 1399 812 1540 Epistola
838 1411 1155 1525 Britannicus,
1191 1417 1391 1508 minime
1414 1407 1567 1548 ipsum
1588 1410 1836 1513 memoral-

423 1537 469 1639 le
498 1538 736 1679 populares
759 1536 886 1659 suos,
920 1557 1017 1666 jam
1041 1544 1282 1665 diximus,
1317 1587 1412 1648 non
1434 1545 1549 1664 erse,
1587 1586 1670 1650 cur
1702 1559 1840 1648 mire

421 1716 531 1778 mur
552 1756 562 1778 .
600 1684 701 1779 Nec
716 1689 856 1780 etiarn
876 1677 1019 1782 alicui
1040 1692 1218 1785 mitum
1237 1686 1384 1791 videri
1406 1683 1545 1787 debet
1558 1721 1710 1802 ‚cum
1724 1683 1836 1788 Val-

421 1814 491 1934 la,
519 1815 748 1920 Politiano
757 1896 772 1937 ,
798 1817 997 1922 Barbaro
1008 1898 1023 1939 ,
1041 1820 1287 1961 Philelpho
1297 1900 1313 1941 ,
1337 1821 1553 1964 aliisque,
1569 1833 1652 1960 qui
1668 1864 1694 1922 a
1712 1821 1838 1927 mul-

419 1963 477 2054 tis
501 1951 671 2056 surculis
692 1957 1007 2096 proculcatum
1031 1958 1271 2063 literatum
1297 1962 1436 2064 decus
1459 1991 1703 2064 erexerunt
1726 2036 1740 2078 ‚
1762 1998 1830 2061 at»

421 2130 513 2230 que
539 2095 863 2214 restituerunt,
885 2137 967 2198 nec
987 2110 1254 2236 Poggium,
1274 2139 1358 2200 nec
1387 2099 1621 2202 Blondum
1632 2138 1742 2218 ,nec
1758 2110 1829 2199 1>i÷

417 2269 561 2349 cum,
597 2271 680 2331 nec
706 2242 909 2355 Luctum,
945 2276 1028 2336 nec
1056 2249 1354 2357 Pontanum,
1388 2278 1473 2340 nec
1496 2250 1831 2373 Campanum,

416 2409 500 2467 nec
524 2405 728 2490 centor,
767 2377 825 2474 acl
845 2414 962 2515 quos
987 2384 1149 2514 utique
1185 2415 1288 2478 eam
1321 2375 1508 2478 laudent
1545 2410 1827 2513 magnopere

420 2508 721 2643 pertinuill'e,
756 2551 919 2614 omnes
944 2552 1153 2633 norunt,
1187 2526 1237 2613 in
1268 2556 1320 2615 ea
1346 2524 1596 2614 Britannici
1620 2509 1824 2649 Epistola

416 2643 550 2744 fuille
572 2647 810 2756 recensitos
838 2693 853 2761 3
887 2689 998 2752 nam
1023 2649 1060 2751 fi
1085 2691 1247 2753 omnes
1274 2650 1379 2753 illos
1408 2660 1695 2752 Britannicos
1729 2684 1826 2754 me-

414 2820 596 2884 morare
617 2784 856 2907 voluillct,
893 2788 1093 2929 Epistola
1109 2802 1464 2892 Commentario
1486 2787 1665 2927 prefixa
1676 2795 1824 2888 Com·

413 2932 676 3024 mentarius·
710 2942 757 3025 &
785 2924 877 3065 ipsa
897 2926 1127 3032 evasrllet.
1162 2926 1434 3029 Nonnullos
1467 2969 1523 3029 ex
1550 2925 1669 3044 illis,
1703 2961 1822 3062 quos

413 3059 634 3163 recensuit
656 3075 972 3187 Britannicus,
996 3065 1226 3203 superius,
1264 3107 1400 3205 prout
1417 3061 1590 3167 occasio
1612 3061 1751 3180 tulit,
1776 3071 1826 3161 iu

415 3204 629 3300 medium
665 3201 942 3312 attulimus·‚
980 3198 1180 3341 reliquos
1197 3216 1353 3308 etiam
1389 3202 1642 3341 plerosque¹
1661 3235 1826 3304 omnes

412 3337 608 3437 inferius
641 3333 858 3436 afferendi
888 3339 1014 3437 haud
1052 3343 1190 3438 deerit
1222 3349 1571 3573 opffottunitas.
1604 3333 1824 3473 ,Suscepto

413 3475 625 3576 sciliceta
652 3470 789 3571 nobis
812 3484 861 3571 in
886 3475 976 3573 hoc
991 3486 1248 3610 Specimine
1289 3474 1494 3573 'cribendi
1518 3480 1634 3571 ratio
1653 3473 1824 3570 admit·-

415 3626 495 3735 tit,
532 3620 649 3751 quin
671 3606 830 3711 suadet
841 3628 861 3729 '‚
897 3630 949 3711 ut
971 3649 1052 3750 pro
1077 3607 1272 3745 literaria
1296 3621 1348 3711 in
1375 3605 1640 3712 universum
1678 3608 1821 3709 histo-

405 3765 482 3853 ria.
498 3750 773 3851 illustranda
798 3786 921 3850 extra
943 3759 1163 3852 Brixianae
1183 3759 1433 3854 Provinciae
1460 3748 1574 3851 fines
1601 3744 1818 3887 frequen·

408 3930 475 3992 tet
497 3894 800 4027 divagemur.

414 4060 418 4066 “
478 4029 639 4130 Multo
666 4038 822 4128 minus
854 4038 1024 4129 morari
1053 4068 1138 4129 nos
1163 4026 1295 4130 debet
1328 4027 1418 4127 hoc
1450 4024 1551 4124 loco
1573 4021 1814 4160 catalogusx
1940 4081 1954 4102 ο

406 4168 524 4268 alius
550 4175 815 4271 Auctorum
843 4180 962 4306 ,qui
989 4169 1090 4307 post
1115 4167 1430 4268 Britannicum
1447 4172 1820 4285 Commentarim

408 4325 455 4409 &
476 4314 624 4408 Notas
656 4318 706 4406 in
733 4317 987 4407 Horatium
1010 4302 1398 4445 conscripserunt,
1434 4337 1640 4439 eumque
1674 4297 1754 4400 inl
1776 4308 1817 4400 i·
1840 4385 1850 4399 c

405 4450 658 4563 ciendum,
672 4442 888 4545 versandu
897 4484 1035 4584 mque
1058 4442 1368 4585 relinquimus
1382 4440 1441 4574 (st
1463 4439 1635 4581 quibus
1649 4441 1698 4539 id
1723 4337 1818 4576 pltr-

406 4598 573 4712 cet)in
597 4595 781 4685 Horatii
808 4585 1024 4683 Editione
1047 4581 1310 4702 Bafileensr,
1336 4624 1467 4722 quac,
1506 4619 1560 4679 ut
1596 4593 1691 4703 eius
1707 4586 1816 4677 titu-

403 4724 476 4824 lus
510 4723 760 4861 stgnificat,
779 4733 1204 4831 Grammaticorum
1227 4733 1323 4820 XL.
1350 4757 1446 4820 tam
1477 4714 1811 4864 antiquiffitno

407 4901 541 4982 tum,
557 4901 700 4999 quam
723 4873 1061 4965 neotericorum
1088 4861 1427 4962 lucubrationes
1461 4870 1511 4960 in
1542 4857 1724 4961 Horatii
1749 4861 1816 4955 O·

399 5043 505 5144 pera
530 5000 737 5137 collegit.
775 5014 829 5103 In
849 5043 899 5102 ea
920 5000 1048 5137 sylva
1068 5001 1197 5141 quod
1233 5008 1483 5102 Britannici
1505 5010 1807 5154 Commenta·

1611 5166 1734 5229 num
