4459 6750
471 954 564 1038 uo
851 917 1366 1039 torricu-

508 1082 705 1160 Virtutem
724 1073 842 1157 eeciri
861 1126 876 1171 ‚
896 1073 939 1156 (t
958 1099 1095 1171 morer,
1124 1072 1280 1171 iurique
1300 1059 1519 1174 sepultam,

564 1192 623 1267 Et
644 1205 799 1291 raptam
826 1184 954 1379 injallo
972 1182 1118 1293 funere
1145 1198 1230 1259 tam
1260 1174 1399 1257 celeri.
1589 1276 1598 1294 ι

509 1295 716 1392 Gentibus,
735 1293 777 1380 (5
797 1318 892 1403 popu
909 1299 937 1375 it
951 1314 1137 1402 gratam,
1156 1309 1240 1371 tem
1262 1279 1425 1390 Regibus
1436 1338 1449 1379 ,
1472 1277 1515 1361 ὁ*
1537 1279 1639 1372 Der,

569 1406 706 1487 Orbem
737 1406 841 1509 quod
865 1406 998 1511 digitur
1026 1407 1092 1505 qui
1120 1396 1340 1477 moderetur
1368 1414 1480 1475 erat.

507 1522 569 1600 Ni
586 1513 796 1629 succefflffee
814 1514 952 1625 santio
971 1506 1223 1623 sanlirffmur
1241 1503 1324 1601 illi,

568 1627 731 1708 Doliior
761 1621 804 1706 (i
821 1624 953 1722 dolio,
981 1618 1148 1727 pervigil
1176 1616 1218 1698 ὁ*
1237 1612 1363 1721 vigili.

509 1742 568 1820 Et
589 1764 696 1843 mage
715 1733 934 1844 magnificor
944 1731 1147 1842 splendens
1159 1723 1367 1836 generofior
1385 1722 1476 1826 illo,

576 1849 703 1959 Ense,
732 1845 797 1929 trel
823 1853 907 1956 igne
934 1841 1059 1927 volem
1085 1864 1154 1949 pro
1177 1843 1328 1944 pietate
1347 1842 1462 1918 mori.

517 1956 714 2041 Turbidus
731 1963 806 2041 iret
826 1955 956 2039 adhuc
975 1954 1151 2057 lacrymis
1168 1947 1373 2032 Tiberinas
1390 1952 1537 2030 amaris
1547 2000 1563 2049 ‚

567 2075 707 2168 Rura,
736 2071 779 2155 (t
802 2067 920 2169 ovile,
944 2069 982 2153 (i
1002 2064 1133 2149 adbuc
1151 2061 1462 2163 lacrymarentur
1484 2084 1592 2144 ovet.

473 2203 604 2319 Quid
640 2238 797 2301 autem
834 2198 1116 2301 Bibliotheca
1143 2204 1366 2300 Vaticana
1403 2188 1576 2329 sperare
1613 2189 1763 2329 pollet
1799 2229 1827 2286 a

402 2341 570 2462 Paulo,
607 2338 793 2449 Sabaeos,
817 2340 907 2444 hoc
925 2338 1119 2441 declarat
1142 2330 1435 2449 tetrasticho,
1460 2369 1567 2471 pag.
1589 2369 1713 2453 591.

758 2526 840 2618 ula
877 2527 1045 2610 Paulum
1065 2524 1152 2612 llll.
1185 2522 1301 2602 Pont.
1323 2518 1442 2603 Max.

523 2678 587 2758 Sit
608 2693 695 2755 taur
713 2672 931 2774 adventus,
950 2682 1077 2757 Pater
1106 2672 1244 2776 optime
1269 2668 1456 2768 maxime,
1476 2667 1601 2778 felix,

574 2781 757 2869 Plaudat
788 2786 830 2872 &
848 2786 1004 2898 aspeliu
1025 2779 1262 2865 Bibliotheca
1288 2800 1375 2860 trio.
1439 2784 1442 2788 “

384 2924 388 2930 ·
516 2892 634 3009 Qid
658 2925 730 2977 non
740 2894 1123 3009 sperandumsaniio
1135 2888 1208 3001 sub
1220 2894 1420 2995 Principe,
1432 2886 1505 3002 sub
1521 2918 1601 2997 quo

574 3003 769 3115 Jussitia‚
792 3007 834 3087 (5
857 3012 984 3090 virtus
1004 3002 1152 3085 militat
1174 3059 1187 3100 ,
1212 2999 1255 3083 (t
1266 3004 1426 3105 pietat?

477 3136 581 3234 Post
603 3146 845 3237 Romanos
862 3134 1103 3238 Pontifices
1124 3211 1139 3255 ‚
1162 3142 1512 3235 &Francorum
1540 3143 1737 3277 RegeS,
1771 3140 1827 3239 de

408 3273 580 3420 quibus
606 3276 789 3379 dibium
817 3281 882 3380 est
905 3274 1052 3419 usque.
1073 3276 1248 3393 modo,
1271 3313 1370 3374 non
1392 3272 1504 3374 alios
1525 3273 1719 3382 Sabaeus
1744 3321 1828 3381 no-

410 3427 498 3520 ster
527 3410 771 3519 studiosius
793 3417 1024 3536 excoluit,
1052 3453 1198 3556 quam
1221 3412 1380 3515 Gallos
1406 3416 1685 3519 Cardinales
1713 3462 1726 3531 3
1761 3427 1837 3532 itu.

312 3601 315 3609 ·
407 3598 475 3658 ter
495 3594 611 3690 quos
639 3597 689 3652 eo
715 3562 982 3693 tempestate
1000 3591 1154 3691 quum
1179 3559 1662 3675 eminerentJoannes
1680 3558 1828 3662 Bella-

407 3712 503 3820 jus‚
533 3690 793 3788 &Carolus
816 3691 1161 3829 Lotharingus,
1183 3729 1375 3832 genere,
1404 3711 1451 3795 bc
1476 3695 1627 3801 literis
1645 3698 1826 3841 conspi-

406 3841 510 3943 cui,
540 3836 590 3924 in
623 3825 795 3927 horum
815 3828 1060 3971 praesertim
1082 3825 1347 3935 clientelam
1372 3823 1557 3940 Sabaeus
1591 3836 1636 3940 le
1670 3842 1826 3944 dedit,

408 3967 636 4092 Bollajum
665 3973 964 4073 commendat
985 3977 1146 4090 Jovius
1169 3982 1218 4071 in
1236 3972 1439 4111 Elogiis‚
1462 3975 1633 4082 scilicet
1658 3984 1720 4082 ad
1736 3982 1825 4083 cal·

406 4147 508 4211 cern
525 4106 635 4228 ,ubi
661 4110 720 4210 de
741 4108 1009 4216 obtinendis
1037 4121 1301 4214 viventium
1324 4119 1578 4226 doiiorum
1595 4132 1827 4224 Virorum

408 4245 699 4388 imaginibus
729 4246 981 4371 sollicituS,
1018 4249 1185 4394 eosque
1206 4252 1474 4378 terensem,
1495 4299 1713 4400 quorum
1739 4239 1824 4404 ope

398 4426 584 4491 ,munus
617 4388 734 4488 illud
759 4389 916 4492 alienu
957 4391 1257 4534 benignitatis
1282 4408 1570 4537 expostam,
1609 4396 1713 4508 haec
1743 4403 1824 4504 ha-

404 4525 484 4632 bet
507 4529 565 4627 de
585 4524 705 4664 ipso:
722 4530 959 4669 Aspiralrit
979 4548 1129 4669 utique
1152 4538 1286 4673 nobili
1309 4571 1415 4641 voto
1434 4543 1827 4687 luculenterJoart-

404 4703 478 4768 tus
499 4667 721 4799 Bellajus,
744 4672 959 4806 preclaro
984 4674 1172 4772 vetusta
1182 4673 1405 4803 familia,
1434 4719 1487 4779 ac
1511 4689 1555 4781 in
1572 4715 1649 4785 tta
1675 4694 1826 4790 virtu-

401 4817 464 4908 tis
491 4813 652 4906 momirte
674 4803 938 4936 Paristormm
963 4809 1204 4938 Antistio,
1239 4817 1297 4920 &⁰
1325 4817 1393 4916 bis
1430 4829 1590 4923 merita
1619 4850 1824 4962 purpura

405 4953 599 5051 Senator
622 4935 926 5082 ampliffimus.
964 4949 1088 5077 Qu
1121 4961 1233 5064 onim
1267 4961 1404 5055 amico
1430 4971 1590 5085 veteri
1603 5035 1621 5082 ,
1645 4967 1824 5089 ,erudita

392 5084 675 5223 prasertim,
706 5085 876 5226 ideoque
906 5097 1079 5193 minimi
1092 5099 1300 5230 sumptus
1321 5127 1499 5199 munera
1526 5094 1726 5245 rabiemi
1755 5142 1831 5209 mo

1156 5269 1159 5276 ·
1686 5256 1778 5353 tri«
