4459 6750
476 976 566 1061 232
854 898 1353 1030 POETICA.

407 1094 531 1184 rium
555 1076 899 1179 Balneacattum
921 1071 1192 1162 Bsi'xianum
1226 1045 1387 1147 iisdem
1413 1034 1650 1167 adjungit,
1665 1055 1815 1188 quem

407 1259 525 1322 certe
551 1222 605 1318 de
629 1220 829 1355 partium
851 1202 1004 1303 studio
1026 1211 1075 1296 in
1103 1205 1160 1291 iis
1186 1194 1294 1290 nixis
1320 1192 1437 1281 inter
1462 1164 1813 1332 Marullum&

408 1359 690 1460 Politianum
740 1383 880 1450 nemo
901 1332 1150 1438 accusabit.
1188 1337 1257 1425 En
1276 1317 1550 1419 Balneacatts
1572 1306 1812 1405 Hendeca·

408 1495 619 1633 syllabam
640 1575 649 1592 .

509 1640 731 1736 Callemerii
746 1636 997 1728 Balneaeatte'
1015 1626 1198 1720 Brixiani
1221 1626 1261 1710 in
1281 1606 1498 1706 Marullum
1521 1603 1705 1720 Carmen.

518 1792 634 1912 Qid
659 1820 758 1876 nnnc
779 1788 909 1898 Elystis
937 1792 1021 1893 agit
1052 1775 1275 1872 Marullus,

568 1910 653 2012 Q?
679 1932 790 2008 cygno
809 1902 900 2011 sent
928 1895 1075 1978 dulcius
1103 1886 1268 1971 canebat
1338 1917 1340 1920 ·

569 2013 742 2127 Permeffi
770 2011 829 2092 ad
853 2011 987 2092 latices
1010 2002 1175 2115 sacros?
1203 1999 1359 2090 canitae

569 2131 728 2220 Tecum,
757 2117 896 2204 blande
912 2111 1100 2205 Tibulle?
1132 2128 1282 2203 tecnam,
1305 2102 1473 2184 Alumne

573 2233 760 2317 Salmonis
783 2228 931 2340 gelidi?
959 2224 1026 2321 a,
1044 2216 1216 2316 Catulle,
1243 2236 1368 2344 tecam

569 2347 713 2441 Canis,
742 2366 802 2428 ter
831 2335 967 2444 lepidos
989 2331 1157 2443 jocosque
1182 2324 1350 2435 promet?

572 2458 668 2536 Una
696 2454 738 2537 (5
765 2458 962 2555 puniceam
990 2441 1144 2556 rosam,
1171 2432 1411 2548 albicansqut

579 2570 717 2671 Carpit
737 2564 882 2658 lilium,
910 2576 1211 2656 amaracumqne
1240 2546 1425 2630 odoraen.2

573 2683 690 2758 Hunc
714 2674 756 2759 (τ
776 2672 930 2767 allicit,
960 2666 1002 2751 ὁ·
1021 2684 1197 2747 moratur
1226 2655 1335 2740 illum

574 2787 697 2869 Vultu
725 2782 906 2894 letifica?
935 2783 1078 2881 Ecquis
1108 2779 1149 2854 in
1179 2773 1312 2852 vireta

573 2896 651 2977 Illa
675 2902 826 3001 gratior
855 2895 930 2973 ivit
958 2917 985 2969 a
1013 2887 1193 2969 trecentis
1338 2986 1346 3007 .

569 3009 724 3087 Annis?
752 3002 813 3082 hic
841 3020 931 3084 erat
960 3000 1123 3076 omniurn
1151 2995 1191 3070 in
1219 2983 1362 3074 labella

576 3113 824 3211 Deciorum,
853 3105 1009 3217 ajacis,
1037 3101 1079 3187 (r
1098 3097 1212 3214 super
1242 3098 1358 3182 beata
1416 3207 1423 3224 ‚

569 3228 676 3307 Tarn
701 3222 808 3307 claro
836 3217 1001 3339 hospite,
1029 3213 1072 3300 θ
1099 3210 1239 3320 inclyto
1268 3215 1418 3295 uineta.

476 3359 556 3462 Ad
577 3359 746 3463 calcem
771 3370 937 3503 pariter
959 3371 1190 3467 Centuriae
1211 3355 1627 3503 Epistolic.Q1aest.
1643 3356 1820 3454 Marini

405 3500 668 3605 Becichemi
688 3499 872 3603 affertur
888 3504 1130 3604 Calimerii
1156 3505 1298 3602 nostri
1322 3537 1507 3597 carmen
1530 3498 1587 3596 de
1614 3489 1818 3622 ejusdem

409 3642 560 3738 reditu
596 3641 655 3734 ad
682 3636 847 3733 urbem
870 3647 1053 3755 Brixiae,
1079 3674 1216 3775 atque
1238 3646 1301 3735 ita
1328 3644 1513 3771 incipit:

515 3799 639 3878 Nunc
666 3820 816 3877 nance
845 3797 1032 3876 Venerunt
1062 3798 1246 3880 Marinus
1274 3800 1347 3882 oris

573 3906 703 3992 Clarae
731 3909 871 3987 moenia
900 3909 1043 3987 Brixia
1075 3905 1231 4017 reuistt,
1295 3985 1301 3992 .

572 4023 607 4097 Ο
632 4016 752 4101 lucem
765 4020 926 4101 'niveam
946 4074 959 4115 ,
976 4048 995 4100 o
1013 4016 1114 4102 diem
1133 4018 1316 4104 beatum!

571 4130 712 4215 Delie
739 4128 914 4245 conspicio
934 4135 1100 4217 Patrem
1121 4130 1323 4233 inuenta,

566 4245 627 4323 Et
654 4238 815 4323 charam
841 4264 968 4346 premo
992 4241 1218 4341 dexteram,
1240 4241 1431 4356 fruorque

567 4357 706 4435 Gratis
734 4351 957 4455 colloquiis,
985 4352 1114 4459 quibus
1143 4353 1310 4457 dolores,

571 4461 704 4547 Menti
733 4491 822 4568 quos
852 4461 1020 4551 dederat
1048 4493 1140 4551 enea
1170 4495 1213 4550 ex
1244 4467 1403 4582 receffn,

569 4574 790 4684 Discedunt
814 4577 949 4685 procul
962 4637 972 4657 .
1012 4582 1168 4682 lpum,
1190 4577 1371 4686 sonoram
1425 4662 1428 4670 ,

571 4691 662 4769 Huc
691 4717 717 4767 a
748 4715 790 4769 er
812 4686 1055 4790 cytharam,
1086 4686 1178 4770 libes
1200 4692 1404 4773 Marinum

561 4798 688 4877 Hira
735 4795 881 4908 [gedera
912 4793 1075 4905 oerplas
1105 4795 1272 4909 referre.

480 4930 700 5061 Ejusdem
749 4929 991 5030 Calimerii
1039 4940 1343 5073 Epigramma
1389 4929 1640 5073 prafigitus·
1681 4942 1817 5077 Operi

397 5088 439 5174 P.
471 5075 603 5175 Pauli
623 5078 842 5211 Vergerii
864 5071 926 5177 de
949 5080 1167 5212 ingenuis
1193 5072 1405 5177 mosibus
1430 5075 1556 5179 edito
1568 5084 1737 5316 Bffi}
1750 5112 1819 5215 pes
