4459 6750
470 871 533 959 ‚6‘0
679 853 683 860 ’
743 846 825 946 Μ.
893 841 1448 962 VALERIUS

405 1000 541 1091 unius
555 979 738 1085 mensus
764 978 961 1119 spatium
984 978 1299 1118 calphurnius
1320 969 1616 1089 emendavit,
1640 971 1811 1084 Avan-

408 1136 471 1226 tio
490 1158 651 1225 eorum
678 1125 872 1220 nomina
901 1126 1099 1218 minime
1127 1119 1370 1257 prodente,
1398 1118 1602 1214 divinate
1626 1143 1735 1206 non
1753 1103 1812 1202 li·

398 1296 494 1363 cet.
529 1274 669 1362 Porro
690 1280 843 1398 praeter
858 1245 1131 1359 Terentium
1154 1331 1170 1374 ,
1190 1257 1364 1390 dequo
1384 1247 1545 1389 supra,
1574 1239 1811 1346 &Carul-

399 1399 534 1516 lum,
558 1398 616 1499 de
640 1434 735 1534 quo
757 1395 900 1494 morlo
915 1388 940 1511 ,'
954 1390 1252 1532 quamplures
1272 1390 1387 1489 alios
1408 1387 1607 1491 vetustos
1625 1387 1810 1482 Artibu-

400 1574 499 1653 τες,
534 1575 585 1634 ac
611 1531 851 1673 pracsertim
879 1541 1049 1650 Poetas,
1072 1530 1227 1629 lucem
1256 1523 1582 1663 aCalphuruii
1610 1527 1811 1660 iugenio

406 1670 631 1813 recepisse,
668 1667 864 1770 inferius
884 1666 1091 1807 patebit.⁴
1681 1668 1686 1677 '
1714 1670 1739 1710 '²
1767 1703 1788 1797 j

521 1827 778 1943 slierurymus
798 1825 1015 1911 «Auanrius
1036 1814 1258 1926 Veronenssr
1278 1816 1504 1936 Augustino
1524 1808 1716 1903 unave·
1772 1837 1788 1883 a

913 1961 1169 2064 Olunucensr.
1197 1960 1236 2044 S.
1254 1963 1298 2040 P.
1653 1990 1658 1997 ·
1778 1981 1785 1993 ·

464 2082 690 2182 euhion
752 2085 882 2169 ulline
904 2079 1184 2165 Eruditorum
1215 2075 1530 2177 humanissime,
1558 2075 1641 2167 tibi
1662 2098 1814 2163 mue·

491 2200 655 2281 clatum-
680 2222 703 2278 e
736 2221 782 2294 e,
801 2191 1165 2308 quemadmodum
1184 2187 1265 2272 tue
1285 2188 1453 2298 publiea
1481 2187 1729 2308 studiorum·
1754 2216 1813 2276 te·

394 2303 612 2402 misione,
643 2301 827 2414 sepositis
842 2299 1061 2385 altioribus
1084 2299 1241 2401 studiis,
1253 2298 1409 2382 Valerii
1429 2296 1595 2383 Catulli
1616 2295 1813 2403 lususre‘·

403 2412 615 2505 trasiem3
650 2412 882 2522 rogasque,
911 2433 964 2495 ut
989 2409 1066 2494 ribi
1094 2407 1361 2494 Catullianas
1386 2408 1587 2492 sistiouer
1614 2433 1813 2523 marcar,

401 2545 480 2609 aut
508 2521 721 2622 inversae,
749 2523 822 2606 seu
843 2522 1162 2632 Epigrammata
1190 2522 1398 2606 incautius
1425 2515 1650 2630 congelle,
1681 2521 1812 2605 truns-

402 2632 522 2717 verso
551 2631 715 2715 calamo
745 2630 893 2715 illinire
921 2632 1081 2716 velim.
1113 2630 1201 2714 Etsi
1221 2658 1323 2715 onus
1346 2630 1469 2739 supra
1487 2633 1814 2721 virontueasiu·

400 2742 561 2852 jungis,
583 2739 968 2854 turpissimumesle
981 2742 1086 2826 duxi
1105 2761 1190 2825 tuae
1209 2741 1426 2824 voluntati
1451 2765 1618 2823 morem
1630 2767 1735 2848 uon
1753 2766 1819 2853 ge·

405 2879 528 2949 rere,
558 2876 688 2960 quem
717 2869 938 2960 tantopere
966 2847 1013 2932 ἃ
1039 2851 1164 2949 colo,
1193 2845 1239 2932 ὅ(
1267 2848 1471 2933 observo.
1511 2847 1651 2934 Malui
1671 2862 1820 2967 potius

405 2959 628 3043 audentior
655 2958 789 3043 videri
817 3016 831 3059 ,
858 2983 990 3070 quam
1015 2957 1149 3044 ‘ullam
1178 2985 1205 3046 a
1232 2985 1301 3045 me
1330 2958 1548 3073 repulsam
1570 2965 1822 3071 acciperes,

406 3072 543 3154 immo
569 3069 618 3155 ὅ(
646 3069 847 3152 libenriur
870 3072 987 3179 quod
1015 3071 1055 3153 in
1084 3095 1271 3155 mentem
1299 3072 1823 3181 succurrit,-teaufpice,

402 3176 668 3281 observabo,
696 3180 1002 3305 expedia-turus
1016 3201 1140 3265 tuum
1160 3183 1212 3268 de
1231 3183 1340 3265 meir
1363 3179 1558 3265 omnibus
1573 3187 1822 3275 annotatio·

389 3287 723 3401 ,nibusumptex
743 3291 989 3392 judicium,
1018 3317 1068 3374 ac
1098 3292 1262 3405 nudum
1295 3316 1492 3377 examen:
1508 3290 1818 3403 curuptaeset·

401 3401 483 3483 tim
511 3425 562 3483 ea
590 3419 639 3483 te
661 3401 868 3485 comitate
908 3401 1135 3513 praeditum
1165 3402 1328 3502 sciam,
1365 3393 1599 3513 ursillum
1622 3400 1821 3514 rudem,

408 3532 496 3615 quo
523 3506 618 3585 haec
643 3511 812 3588 condita
841 3532 988 3603 erunt,
1013 3513 1058 3610 in
1088 3510 1243 3593 bonam
1274 3534 1439 3623 partem
1468 3531 1726 3623 accepturus
1753 3512 1819 3616 fist

407 3638 594 3720 cumque
622 3610 759 3720 probe
783 3612 1025 3721 cognoscar,
1048 3615 1139 3713 jam
1167 3620 1222 3703 ab
1249 3620 1347 3705 binc
1364 3625 1493 3707 annin
1507 3626 1726 3734 qtrinquffi
1751 3652 1819 3708 me

405 3721 689 3806 humanitatis
728 3719 872 3804 studiis
909 3749 1014 3833 pene
1050 3730 1306 3816 renunciasse
1330 3789 1348 3831 ,
1373 3732 1420 3817 δι
1452 3730 1814 3845 Philosophorum

408 3828 633 3947 dogmata,
661 3856 753 3951 quae
773 3831 913 3917 uostro
933 3853 1124 3947 ternpore
1145 3838 1312 3926 horrida
1334 3841 1455 3945 suut,
1472 3840 1519 3928 &
1539 3843 1710 3932 inculta,
1728 3875 1817 3960 pro

379 3935 601 4020 'secutum
623 3933 761 4022 fuisse.
791 3940 884 4025 Cur
900 3964 1046 4027 autern
1077 3942 1157 4029 ha'c
1185 3952 1440 4062 tempestate
1469 3951 1817 4041 mansuetirnmas

405 4044 628 4131 Musarum
648 4048 824 4134 delicias·
845 4054 1053 4155 recusam,
1083 4061 1226 4183 paucis
1245 4063 1416 4172 accipe.
1444 4061 1702 4175 Priusquam
1724 4065 1815 4151 Plri-

402 4157 678 4267 losophorum
697 4159 819 4244 sacris
837 4164 1054 4267 initiarer,
1083 4193 1144 4250 rm
1202 4169 1375 4255 nsrsfime
1400 4194 1579 4259 conatus
1594 4173 1724 4277 suun,
1739 4177 1815 4262 Ca·

321 4321 325 4327 -
405 4267 583 4349 tulliana
613 4269 811 4380 pleraque
839 4272 932 4357 ioca
958 4270 1136 4366 abstrusi
1185 4306 1255 4363 ma
1295 4286 1509 4391 percipere
1537 4342 1550 4383 ,
1579 4310 1630 4368 ac
1650 4288 1816 4395 potiffi-

403 4403 526 4501 mum
545 4374 703 4483 Vatem
730 4377 841 4462 hunc
870 4409 895 4466 a
923 4383 1186 4484 syllabarum·
1206 4395 1580 4499 praevaricatione,
1609 4420 1705 4508 qua
1733 4426 1817 4483 ma·

402 4510 520 4566 xime
540 4487 789 4583 notabatur,
819 4491 1029 4578 vindicare
1051 4561 1060 4577 .
1093 4493 1224 4579 Nunc
1242 4522 1387 4586 autem
1409 4561 1422 4602 ,
1452 4531 1552 4587 cum
1570 4505 1814 4596 intermiffis

402 4590 677 4679 severioribus
704 4596 853 4682 studiis
884 4602 925 4685 in
952 4629 1103 4713 agrum
1130 4635 1311 4708 meum,
1342 4632 1391 4695 ut
1420 4614 1535 4721 apud
1563 4642 1639 4699 me·
1662 4619 1810 4713 essem,

401 4700 655 4803 secesserim,
684 4708 880 4795 nonnulla
900 4711 983 4795 alia
1002 4716 1167 4801 restitui
1188 4720 1279 4805 luca
1300 4751 1312 4822 3
1341 4748 1424 4831 qua
1444 4714 1650 4809 industria
1676 4730 1729 4814 id
1756 4725 1813 4813 ef·

398 4809 513 4911 feci,
541 4835 590 4897 ut
609 4842 679 4897 me
704 4814 820 4928 hauri
846 4820 1002 4907 laboris
1033 4830 1264 4937 poeuiteat.
1294 4830 1490 4928 Meretur
1518 4833 1816 4945 profesio&-

398 4921 530 5008 tullus
542 4977 558 5026 2
575 4951 703 5035 quem
723 4925 775 5010 A.
788 4930 955 5047 Gellius
971 4945 986 5039 (
997 4956 1043 5019 ut
1061 4936 1163 5042 scir)
1183 4936 1347 5026 Vatum
1367 4943 1431 5027 ele
1459 4944 1723 5038 antislrmurn
1748 4976 1817 5059 ap·

396 5035 554 5179 pellat,
585 5035 633 5123 ὅ(
653 5065 796 5124 omnes
814 5040 971 5155 prisci,
1001 5073 1084 5132 uuo
1112 5048 1331 5159 consensu,
1362 5052 1391 5137 d
1461 5053 1646 5145 iffimum
1680 5067 1814 5151 nomi·

1632 5200 1761 5280 nant,
