4459 6750
821 913 861 1014 O
896 911 1024 1032 ΚΛ
1055 909 1113 1018 T
1138 913 1178 1014 O
1213 914 1277 1035 R
1296 912 1330 1013 Ῑ
1347 908 1416 1016 Α·
1653 949 1744 1015 111

418 1056 598 1151 nemini
619 1081 716 1147 etat
742 1044 993 1170 secundus,
1025 1092 1079 1150 ex
1101 1050 1380 1169 consali0,&
1406 1047 1578 1174 judicio
1598 1126 1614 1171 ,
1633 1091 1731 1193 quo
1754 1091 1822 1158 to-

420 1224 461 1289 ta
484 1186 679 1327 quidem
707 1186 864 1307 italia,
882 1186 956 1289 sed
978 1200 1029 1289 in
1052 1188 1368 1293 florentissima
1388 1197 1534 1328 patria
1555 1188 1636 1292 sua
1668 1194 1741 1295 vel
1771 1202 1822 1298 in

416 1335 580 1466 primis
606 1326 942 1438 etatillusttis3
981 1338 1335 1466 Hieronymum
1359 1368 1470 1431 vero
1491 1365 1724 1470 magnum
1745 1370 1823 1472 pa-

413 1504 577 1567 truum
602 1507 656 1564 ex
673 1461 879 1565 discendi
893 1460 1126 1584 desiderio,
1141 1507 1239 1606 quo
1259 1467 1439 1567 fauum
1457 1470 1583 1588 dicit,
1600 1509 1652 1572 ut
1667 1508 1822 1612 quum

416 1620 515 1730 jam
538 1599 906 1741 &Philosophus
930 1611 1108 1740 gravis,
1122 1620 1169 1705 &
1184 1608 1384 1705 eximius
1404 1606 1506 1706 ellet
1521 1618 1680 1730 Poeta,
1697 1621 1821 1724 Gra-

407 1752 577 1882 -cique,
603 1758 649 1842 &
671 1750 821 1844 Latini
844 1737 1063 1842 sermonis
1080 1739 1404 1882 -peritissimus,
1424 1758 1699 1884 contemptis
1717 1788 1821 1852 om-

418 1885 557 1981 nibus
593 1891 728 2018 patrii
763 1880 847 1982 soli
885 1885 1174 2005 commodis,
1210 1893 1260 1987 iu
1280 1893 1507 1986 intimam
1528 1879 1574 1985 se
1607 1894 1822 2020 Syriam,

410 2017 500 2120 ubi
530 2029 672 2120 etiam
708 2019 807 2123 fato
836 2018 1027 2122 sancius
1048 2025 1160 2143 est,
1197 2021 1239 2163 se
1273 2023 1526 2144 abdiderit,
1556 2039 1604 2124 δι
1634 2021 1819 2163 aliquot

415 2197 656 2260 annorum
684 2169 784 2300 jugi
811 2156 964 2261 labore
989 2158 1139 2265 literas
1153 2169 1372 2263 Arabicas
1408 2175 1470 2263 ita
1493 2163 1741 2282 didicerit,
1768 2201 1822 2265 ut

412 2307 706 2401 Avicennam
743 2296 1070 2438 elegantissime
1103 2300 1390 2404 transtulerit
1421 2312 1475 2402 in
1497 2304 1710 2402 nostrum
1735 2299 1821 2403 set-

413 2476 609 2540 monem
632 2517 647 2559 ,
682 2440 902 2578 idemque
925 2478 1033 2580 erga
1069 2454 1307 2584 optimum
1326 2480 1543 2584 quenque
1564 2439 1736 2579 linguae
1764 2438 1821 2540 il-

413 2576 506 2677 lius
529 2589 803 2718 scriptorem
827 2577 1037 2682 fasturus
1063 2581 1231 2703 suerit,
1258 2580 1293 2680 s1
1323 2581 1460 2723 paulo
1482 2581 1659 2682 diutius
1679 2576 1814 2680 vixis·

406 2711 476 2816 set
501 2759 513 2827 ;
550 2718 748 2818 demum
763 2723 999 2837 Joannem
1016 2724 1269 2862 Baptistam
1297 2758 1474 2863 patrem
1502 2762 1557 2822 ex
1580 2718 1727 2857 longo
1750 2756 1818 2819 re-

410 2893 520 2958 tum
545 2854 839 2998 publicatum
866 2856 951 2960 usu
970 2936 990 2980 ,
1024 2871 1415 3002 cognitioneque,
1445 2899 1502 2960 ac
1528 2895 1646 2960 totos
1666 2895 1818 2958 annos

411 3007 763 3137 quinquaginta·
780 2996 972 3137 probata
993 3001 1196 3123 multis,
1234 2997 1506 3142 magnisque
1541 2996 1677 3099 rebus
1703 3007 1820 3098 inte-

410 3171 470 3272 gt
480 3145 613 3253 itate,
652 3151 697 3234 &
721 3146 1035 3256 continentia,
1060 3137 1370 3278 singularique
1390 3151 1440 3239 in
1461 3134 1684 3237 omnibus
1703 3132 1823 3253 fide,

409 3311 468 3371 ac
499 3309 733 3413 propterea
765 3274 1050 3414 principibus
1080 3287 1135 3377 ,in
1157 3290 1272 3415 Rep.
1296 3288 1422 3381 Vitis
1444 3285 1509 3371 ita
1535 3310 1731 3391 catum,
1767 3308 1820 3370 ut

418 3449 531 3511 eum
559 3452 657 3513 non
677 3411 817 3551 quasi
836 3415 1109 3513 ministrum
1138 3411 1345 3551 aliquem
1363 3410 1601 3547 diligant,
1629 3407 1704 3511 sed
1727 3423 1824 3533 jam

417 3546 546 3690 quasi
572 3549 810 3687 collegam
830 3549 1219 3688 compleoiantut.
1867 3563 1870 3569 ’

490 3690 645 3789 Exstat
657 3688 1015 3814 Pauli-Manutii
1030 3686 1261 3827 Epistola,
1281 3682 1445 3788 scilicet
1470 3681 1707 3826 Epistolat.
1728 3699 1824 3811 ejus

410 3840 461 3932 L.
470 3869 507 3962 3·
522 3832 803 3967 quaJoanni
813 3830 1021 3967 Baptistae
1037 3825 1680 3947 Rhamnusto,Decemvitum
1696 3837 1824 3926 Con-

414 3965 505 4067 filii
523 4005 547 4064 a
565 3962 744 4065 sectetis
755 3963 919 4087 eleiio,
936 3965 1260 4104 magistratum
1283 3964 1438 4084 illum,
1451 3963 1595 4065 veluti
1608 3960 1821 4063 frustum

413 4143 483 4207 tot
518 4114 940 4245 petegtinationum
980 4115 1029 4207 in
1068 4103 1301 4221 Galliam,
1336 4105 1394 4202 ad
1421 4100 1690 4217 HelvetioS,
1726 4111 1823 4200 Ro-

408 4281 569 4364 mam,
596 4254 737 4345 etiam
764 4246 822 4347 ad
847 4246 1000 4349 hostes
1028 4249 1171 4343 armis
1196 4239 1418 4360 infestos,
1446 4247 1578 4380 Reipt
1595 4233 1727 4338 causa
1754 4234 1825 4339 su-

411 4382 667 4525 sceptarum
680 4460 695 4503 ,
709 4423 891 4485 necnon
914 4378 1217 4486 constliorum
1231 4418 1359 4520 ,quae
1372 4377 1437 4480 ab
1454 4376 1553 4519 ipso
1569 4377 1822 4501 fluxerunt,

405 4527 467 4624 ad
491 4564 546 4622 au
586 4524 788 4643 endam,
838 4560 1038 4626 uantum
1064 4530 1193 4621 ineo
1213 4516 1309 4621 fuit
1319 4596 1334 4639 ,
1352 4529 1505 4659 patriae
1519 4517 1819 4657 dignitatem,

407 4560 701 4802 gratusatut.
754 4561 836 4762 As
870 4659 1067 4762 Paulum
1097 4699 1205 4762 vero
1239 4656 1593 4761 Rhamnusium
1631 4662 1822 4776 loannis

408 4802 622 4941 Baptista
645 4801 799 4903 filium
824 4799 991 4903 Paulus
1017 4809 1261 4901 Manutius
1290 4800 1437 4899 editos
1458 4794 1548 4896 suis
1572 4805 1623 4896 in
1645 4794 1820 4898 aedibus

405 4936 604 5042 Caesaris
626 4952 1004 5045 Commentarios
1029 4937 1184 5061 misit,
1215 4954 1262 5039 &
1294 4947 1343 5038 in
1367 4934 1662 5052 Praesatione,
1682 4939 1826 5070 Rapi-

399 5092 540 5184 cium
564 5082 918 5224 quodammodo
933 5090 1159 5203 imitatus,
1196 5116 1293 5187 tam
1319 5074 1458 5217 ipsius
1484 5074 1616 5179 Pauli
1639 5147 1654 5191 ‚
1677 5102 1824 5229 quam

1654 5237 1751 5326 avt,
