<?xml version="1.0" encoding="UTF-8"?>
<!DOCTYPE html PUBLIC "-//W3C//DTD XHTML 1.0 Transitional//EN"
    "http://www.w3.org/TR/xhtml1/DTD/xhtml1-transitional.dtd">
<html xmlns="http://www.w3.org/1999/xhtml" xml:lang="en" lang="en">
 <head>
  <title>
</title>
<meta http-equiv="Content-Type" content="text/html;charset=utf-8" />
  <meta name='ocr-system' content='tesseract 3.04.00' />
  <meta name='ocr-capabilities' content='ocr_page ocr_carea ocr_par ocr_line ocrx_word'/>
</head>
<body>
  <div class='ocr_page' id='page_1' title='image "./specimenvariael00quirgoog_0036.png"; bbox 0 0 4459 6750; ppageno 0'>
   <div class='ocr_carea' id='block_1_1' title="bbox 703 839 1615 955">
    <p class='ocr_par' dir='ltr' id='par_1_1' title="bbox 703 839 1615 955">
     <span class='ocr_line' id='line_1_1' title="bbox 703 839 1615 955; baseline 0 -7"><span class='ocrx_word' id='word_1_1' title='bbox 703 868 773 955; x_wconf 78' lang='grc' dir='ltr'>ι8,</span> <span class='ocrx_word' id='word_1_2' title='bbox 1042 839 1615 953; x_wconf 68' lang='grc' dir='ltr'>Μ,,.ΑΟΟΙΠ8</span> 
     </span>
    </p>
   </div>
   <div class='ocr_carea' id='block_1_2' title="bbox 614 974 2049 5166">
    <p class='ocr_par' dir='ltr' id='par_1_2' title="bbox 614 974 2049 5166">
     <span class='ocr_line' id='line_1_2' title="bbox 620 974 2048 1096; baseline -0.011 -20"><span class='ocrx_word' id='word_1_3' title='bbox 620 988 892 1085; x_wconf 81' lang='lat' dir='ltr'>dandumre,</span> <span class='ocrx_word' id='word_1_4' title='bbox 916 1006 994 1096; x_wconf 80' lang='lat' dir='ltr'>pro</span> <span class='ocrx_word' id='word_1_5' title='bbox 1012 999 1064 1068; x_wconf 89' lang='lat' dir='ltr'>ut</span> <span class='ocrx_word' id='word_1_6' title='bbox 1092 979 1247 1092; x_wconf 80' lang='lat' dir='ltr'>cuique</span> <span class='ocrx_word' id='word_1_7' title='bbox 1274 1007 1350 1093; x_wconf 89' lang='lat' dir='ltr'>pro</span> <span class='ocrx_word' id='word_1_8' title='bbox 1377 981 1451 1071; x_wconf 89' lang='lat' dir='ltr'>suo</span> <span class='ocrx_word' id='word_1_9' title='bbox 1470 980 1716 1078; x_wconf 82' lang='lat' dir='ltr'>arbitratu,</span> <span class='ocrx_word' id='word_1_10' title='bbox 1744 975 1789 1062; x_wconf 90' lang='lat' dir='ltr'>id</span> <span class='ocrx_word' id='word_1_11' title='bbox 1818 974 1882 1062; x_wconf 82' lang='lat' dir='ltr'>iut&#39;</span> <span class='ocrx_word' id='word_1_12' title='bbox 1937 1000 2048 1063; x_wconf 76' lang='lat' dir='ltr'>nrm</span> 
     </span>
     <span class='ocr_line' id='line_1_3' title="bbox 620 1087 2048 1208; baseline -0.009 -24"><span class='ocrx_word' id='word_1_13' title='bbox 620 1098 893 1208; x_wconf 81' lang='lat' dir='ltr'><strong>reliquimus.</strong></span> <span class='ocrx_word' id='word_1_14' title='bbox 934 1090 1159 1182; x_wconf 83' lang='lat' dir='ltr'>Plautinas</span> <span class='ocrx_word' id='word_1_15' title='bbox 1187 1090 1489 1203; x_wconf 77' lang='lat' dir='ltr'>Castigationes</span> <span class='ocrx_word' id='word_1_16' title='bbox 1518 1090 1660 1177; x_wconf 81' lang='lat' dir='ltr'>statim</span> <span class='ocrx_word' id='word_1_17' title='bbox 1688 1087 1854 1201; x_wconf 85' lang='lat' dir='ltr'>inipso</span> <span class='ocrx_word' id='word_1_18' title='bbox 1931 1090 2048 1198; x_wconf 78' lang='lat' dir='ltr'>perit</span> 
     </span>
     <span class='ocr_line' id='line_1_4' title="bbox 620 1198 2048 1312; baseline -0.008 -19"><span class='ocrx_word' id='word_1_19' title='bbox 620 1205 827 1293; x_wconf 81' lang='lat' dir='ltr'>vestibulo</span> <span class='ocrx_word' id='word_1_20' title='bbox 855 1203 1119 1300; x_wconf 82' lang='lat' dir='ltr'>locavimus,</span> <span class='ocrx_word' id='word_1_21' title='bbox 1146 1227 1239 1312; x_wconf 81' lang='lat' dir='ltr'>quae</span> <span class='ocrx_word' id='word_1_22' title='bbox 1255 1206 1325 1304; x_wconf 90' lang='lat' dir='ltr'>(ui</span> <span class='ocrx_word' id='word_1_23' title='bbox 1344 1199 1494 1304; x_wconf 86' lang='lat' dir='ltr'>fallor)</span> <span class='ocrx_word' id='word_1_24' title='bbox 1512 1201 1606 1286; x_wconf 88' lang='lat' dir='ltr'>sunt</span> <span class='ocrx_word' id='word_1_25' title='bbox 1626 1202 1741 1284; x_wconf 88' lang='lat' dir='ltr'>omui</span> <span class='ocrx_word' id='word_1_26' title='bbox 1764 1198 1953 1283; x_wconf 86' lang='lat' dir='ltr'>veritate</span> <span class='ocrx_word' id='word_1_27' title='bbox 1976 1222 2048 1282; x_wconf 78' lang='lat' dir='ltr'>ve·</span> 
     </span>
     <span class='ocr_line' id='line_1_5' title="bbox 614 1309 2049 1428; baseline -0.006 -26"><span class='ocrx_word' id='word_1_28' title='bbox 614 1321 750 1404; x_wconf 68' lang='lat' dir='ltr'>‘riores</span> <span class='ocrx_word' id='word_1_29' title='bbox 771 1370 787 1417; x_wconf 80' lang='lat'>‚</span> <span class='ocrx_word' id='word_1_30' title='bbox 817 1312 1006 1428; x_wconf 85' lang='lat' dir='ltr'>pauculis</span> <span class='ocrx_word' id='word_1_31' title='bbox 1025 1315 1255 1400; x_wconf 77' lang='lat' dir='ltr'>dumtaxat</span> <span class='ocrx_word' id='word_1_32' title='bbox 1283 1317 1504 1424; x_wconf 78' lang='lat' dir='ltr'>exceptis,</span> <span class='ocrx_word' id='word_1_33' title='bbox 1530 1339 1624 1425; x_wconf 77' lang='lat' dir='ltr'>qua</span> <span class='ocrx_word' id='word_1_34' title='bbox 1643 1339 1726 1401; x_wconf 89' lang='lat' dir='ltr'>nou</span> <span class='ocrx_word' id='word_1_35' title='bbox 1755 1330 1847 1396; x_wconf 89' lang='lat' dir='ltr'>tam</span> <span class='ocrx_word' id='word_1_36' title='bbox 1865 1309 2049 1394; x_wconf 85' lang='lat' dir='ltr'>meudo-</span> 
     </span>
     <span class='ocr_line' id='line_1_6' title="bbox 622 1418 2047 1538; baseline -0.006 -23"><span class='ocrx_word' id='word_1_37' title='bbox 622 1429 703 1529; x_wconf 86' lang='lat' dir='ltr'>sa,</span> <span class='ocrx_word' id='word_1_38' title='bbox 731 1453 863 1538; x_wconf 91' lang='lat' dir='ltr'>quam</span> <span class='ocrx_word' id='word_1_39' title='bbox 880 1425 1050 1510; x_wconf 88' lang='lat' dir='ltr'>omuino</span> <span class='ocrx_word' id='word_1_40' title='bbox 1068 1423 1520 1534; x_wconf 83' lang='lat' dir='ltr'>cognitudifficillima</span> <span class='ocrx_word' id='word_1_41' title='bbox 1549 1450 1603 1508; x_wconf 83' lang='lat' dir='ltr'>ex</span> <span class='ocrx_word' id='word_1_42' title='bbox 1624 1425 1713 1508; x_wconf 85' lang='lat' dir='ltr'>auri</span> <span class='ocrx_word' id='word_1_43' title='bbox 1746 1421 1892 1507; x_wconf 86' lang='lat' dir='ltr'>uitatis</span> <span class='ocrx_word' id='word_1_44' title='bbox 1909 1418 2047 1524; x_wconf 84' lang='lat' dir='ltr'>maje-</span> 
     </span>
     <span class='ocr_line' id='line_1_7' title="bbox 625 1449 2043 1662; baseline -0.005 -39"><span class='ocrx_word' id='word_1_45' title='bbox 625 1539 733 1623; x_wconf 84' lang='lat' dir='ltr'>state</span> <span class='ocrx_word' id='word_1_46' title='bbox 749 1535 839 1623; x_wconf 89' lang='lat' dir='ltr'>visa</span> <span class='ocrx_word' id='word_1_47' title='bbox 856 1535 970 1621; x_wconf 89' lang='lat' dir='ltr'>suot.</span> <span class='ocrx_word' id='word_1_48' title='bbox 1001 1532 1112 1650; x_wconf 74' lang='lat' dir='ltr'>Qua</span> <span class='ocrx_word' id='word_1_49' title='bbox 1131 1531 1306 1621; x_wconf 88' lang='lat' dir='ltr'>fortallis</span> <span class='ocrx_word' id='word_1_50' title='bbox 1323 1563 1406 1622; x_wconf 86' lang='lat' dir='ltr'>una</span> <span class='ocrx_word' id='word_1_51' title='bbox 1424 1564 1522 1621; x_wconf 89' lang='lat' dir='ltr'>cum</span> <span class='ocrx_word' id='word_1_52' title='bbox 1541 1536 1634 1619; x_wconf 78' lang='lat' dir='ltr'>aliis</span> <span class='ocrx_word' id='word_1_53' title='bbox 1650 1449 1818 1660; x_wconf 59' lang='lat' dir='ltr'>fuissent</span> <span class='ocrx_word' id='word_1_54' title='bbox 1838 1532 2043 1662; x_wconf 76' lang='lat' dir='ltr'>enodata,</span> 
     </span>
     <span class='ocr_line' id='line_1_8' title="bbox 627 1641 2046 1757; baseline -0.002 -26"><span class='ocrx_word' id='word_1_55' title='bbox 627 1647 660 1731; x_wconf 88' lang='lat' dir='ltr'>li</span> <span class='ocrx_word' id='word_1_56' title='bbox 688 1650 758 1733; x_wconf 82' lang='lat' dir='ltr'>vel</span> <span class='ocrx_word' id='word_1_57' title='bbox 784 1649 826 1732; x_wconf 90' lang='lat' dir='ltr'>in</span> <span class='ocrx_word' id='word_1_58' title='bbox 841 1647 1028 1757; x_wconf 81' lang='lat' dir='ltr'>aliquem</span> <span class='ocrx_word' id='word_1_59' title='bbox 1047 1646 1549 1738; x_wconf 82' lang='lat' dir='ltr'>emendatumCodicem</span> <span class='ocrx_word' id='word_1_60' title='bbox 1567 1643 1873 1744; x_wconf 82' lang='lat' dir='ltr'>incidissemus,</span> <span class='ocrx_word' id='word_1_61' title='bbox 1893 1641 1967 1727; x_wconf 82' lang='lat' dir='ltr'>vel</span> <span class='ocrx_word' id='word_1_62' title='bbox 1984 1671 2046 1728; x_wconf 84' lang='lat' dir='ltr'>ot·</span> 
     </span>
     <span class='ocr_line' id='line_1_9' title="bbox 629 1754 2045 1879; baseline -0.002 -37"><span class='ocrx_word' id='word_1_63' title='bbox 629 1757 661 1842; x_wconf 82' lang='lat' dir='ltr'>li</span> <span class='ocrx_word' id='word_1_64' title='bbox 681 1756 964 1843; x_wconf 85' lang='lat' dir='ltr'>tumultuario</span> <span class='ocrx_word' id='word_1_65' title='bbox 982 1783 1054 1843; x_wconf 80' lang='lat' dir='ltr'>mu</span> <span class='ocrx_word' id='word_1_66' title='bbox 1083 1759 1141 1856; x_wconf 79' lang='grc' dir='ltr'>ἐ,</span> <span class='ocrx_word' id='word_1_67' title='bbox 1168 1785 1298 1870; x_wconf 88' lang='lat' dir='ltr'>quam</span> <span class='ocrx_word' id='word_1_68' title='bbox 1313 1780 1514 1845; x_wconf 89' lang='lat' dir='ltr'>accurato</span> <span class='ocrx_word' id='word_1_69' title='bbox 1534 1757 1674 1841; x_wconf 87' lang='lat' dir='ltr'>siudio</span> <span class='ocrx_word' id='word_1_70' title='bbox 1695 1812 1709 1852; x_wconf 81' lang='lat'>,</span> <span class='ocrx_word' id='word_1_71' title='bbox 1728 1754 1946 1879; x_wconf 31' lang='lat' dir='ltr'>,editiones</span> <span class='ocrx_word' id='word_1_72' title='bbox 1977 1781 2045 1839; x_wconf 82' lang='lat' dir='ltr'>ao</span> 
     </span>
     <span class='ocr_line' id='line_1_10' title="bbox 630 1862 2045 1981; baseline -0.003 -29"><span class='ocrx_word' id='word_1_73' title='bbox 630 1869 731 1955; x_wconf 84' lang='lat' dir='ltr'>siras</span> <span class='ocrx_word' id='word_1_74' title='bbox 757 1868 887 1953; x_wconf 89' lang='lat' dir='ltr'>modo</span> <span class='ocrx_word' id='word_1_75' title='bbox 915 1864 972 1951; x_wconf 91' lang='lat' dir='ltr'>ob</span> <span class='ocrx_word' id='word_1_76' title='bbox 990 1894 1044 1951; x_wconf 89' lang='lat' dir='ltr'>uo</span> <span class='ocrx_word' id='word_1_77' title='bbox 1102 1895 1177 1953; x_wconf 90' lang='lat' dir='ltr'>um</span> <span class='ocrx_word' id='word_1_78' title='bbox 1205 1869 1303 1954; x_wconf 90' lang='lat' dir='ltr'>hinc</span> <span class='ocrx_word' id='word_1_79' title='bbox 1323 1869 1569 1981; x_wconf 78' lang='lat' dir='ltr'>propediem</span> <span class='ocrx_word' id='word_1_80' title='bbox 1588 1865 1807 1950; x_wconf 86' lang='lat' dir='ltr'>discessum</span> <span class='ocrx_word' id='word_1_81' title='bbox 1826 1864 1882 1950; x_wconf 88' lang='lat' dir='ltr'>ad</span> <span class='ocrx_word' id='word_1_82' title='bbox 1891 1862 2045 1948; x_wconf 90' lang='lat' dir='ltr'>Orien·</span> 
     </span>
     <span class='ocr_line' id='line_1_11' title="bbox 629 1972 2044 2090; baseline -0.002 -28"><span class='ocrx_word' id='word_1_83' title='bbox 629 1981 684 2062; x_wconf 92' lang='lat' dir='ltr'>tis</span> <span class='ocrx_word' id='word_1_84' title='bbox 712 2001 853 2090; x_wconf 89' lang='lat' dir='ltr'>partes</span> <span class='ocrx_word' id='word_1_85' title='bbox 867 1996 1214 2064; x_wconf 72' lang='lat' dir='ltr'><strong>maturaremus.</strong></span> <span class='ocrx_word' id='word_1_86' title='bbox 1244 1977 1466 2065; x_wconf 80' lang='lat' dir='ltr'>Percurres</span> <span class='ocrx_word' id='word_1_87' title='bbox 1502 1983 1658 2090; x_wconf 79' lang='lat' dir='ltr'>igitur,</span> <span class='ocrx_word' id='word_1_88' title='bbox 1677 1974 1876 2060; x_wconf 81' lang='lat' dir='ltr'>Pontifex</span> <span class='ocrx_word' id='word_1_89' title='bbox 1898 1972 2044 2059; x_wconf 79' lang='lat' dir='ltr'>Reue-</span> 
     </span>
     <span class='ocr_line' id='line_1_12' title="bbox 628 2085 2044 2191; baseline -0.001 -19"><span class='ocrx_word' id='word_1_90' title='bbox 628 2088 890 2191; x_wconf 84' lang='lat' dir='ltr'>rendilstme,</span> <span class='ocrx_word' id='word_1_91' title='bbox 914 2087 993 2173; x_wconf 85' lang='lat' dir='ltr'>has</span> <span class='ocrx_word' id='word_1_92' title='bbox 1011 2087 1166 2173; x_wconf 87' lang='lat' dir='ltr'>nostras</span> <span class='ocrx_word' id='word_1_93' title='bbox 1187 2118 1287 2174; x_wconf 91' lang='lat' dir='ltr'>cum</span> <span class='ocrx_word' id='word_1_94' title='bbox 1309 2088 1464 2175; x_wconf 88' lang='lat' dir='ltr'>Plauto</span> <span class='ocrx_word' id='word_1_95' title='bbox 1492 2085 1883 2176; x_wconf 86' lang='lat' dir='ltr'>lucubratiunculas</span> <span class='ocrx_word' id='word_1_96' title='bbox 1902 2090 1975 2186; x_wconf 85' lang='lat' dir='ltr'>(iu</span> <span class='ocrx_word' id='word_1_97' title='bbox 1996 2113 2044 2171; x_wconf 87' lang='lat' dir='ltr'>re</span> 
     </span>
     <span class='ocr_line' id='line_1_13' title="bbox 627 2195 2044 2309; baseline 0 -26"><span class='ocrx_word' id='word_1_98' title='bbox 627 2199 709 2283; x_wconf 84' lang='lat' dir='ltr'>hac</span> <span class='ocrx_word' id='word_1_99' title='bbox 737 2201 850 2284; x_wconf 91' lang='lat' dir='ltr'>euim</span> <span class='ocrx_word' id='word_1_100' title='bbox 880 2218 925 2284; x_wconf 84' lang='lat' dir='ltr'>te</span> <span class='ocrx_word' id='word_1_101' title='bbox 950 2198 1168 2285; x_wconf 89' lang='lat' dir='ltr'>hominem</span> <span class='ocrx_word' id='word_1_102' title='bbox 1183 2198 1491 2300; x_wconf 70' lang='lat' dir='ltr'>dosiissrntum,</span> <span class='ocrx_word' id='word_1_103' title='bbox 1507 2199 1770 2309; x_wconf 75' lang='lat' dir='ltr'>eloquentia</span> <span class='ocrx_word' id='word_1_104' title='bbox 1792 2195 1967 2298; x_wconf 83' lang='lat' dir='ltr'>studio,</span> <span class='ocrx_word' id='word_1_105' title='bbox 1996 2223 2044 2283; x_wconf 86' lang='lat' dir='ltr'>at</span> 
     </span>
     <span class='ocr_line' id='line_1_14' title="bbox 627 2307 2046 2421; baseline -0.001 -29"><span class='ocrx_word' id='word_1_106' title='bbox 627 2307 758 2392; x_wconf 89' lang='lat' dir='ltr'>laude</span> <span class='ocrx_word' id='word_1_107' title='bbox 775 2311 1058 2409; x_wconf 82' lang='lat' dir='ltr'>eminentem,</span> <span class='ocrx_word' id='word_1_108' title='bbox 1086 2311 1310 2420; x_wconf 87' lang='lat' dir='ltr'>prudentia</span> <span class='ocrx_word' id='word_1_109' title='bbox 1338 2310 1657 2421; x_wconf 78' lang='lat' dir='ltr'>gravissimum,</span> <span class='ocrx_word' id='word_1_110' title='bbox 1688 2308 1945 2418; x_wconf 87' lang='lat' dir='ltr'>reliquisque</span> <span class='ocrx_word' id='word_1_111' title='bbox 1966 2312 2046 2390; x_wconf 83' lang='lat' dir='ltr'>vir·</span> 
     </span>
     <span class='ocr_line' id='line_1_15' title="bbox 627 2414 2041 2528; baseline -0.001 -26"><span class='ocrx_word' id='word_1_112' title='bbox 627 2417 798 2502; x_wconf 80' lang='lat' dir='ltr'>ruribus</span> <span class='ocrx_word' id='word_1_113' title='bbox 819 2416 1016 2528; x_wconf 82' lang='lat' dir='ltr'>iufignem</span> <span class='ocrx_word' id='word_1_114' title='bbox 1039 2416 1228 2519; x_wconf 84' lang='lat' dir='ltr'>judicem</span> <span class='ocrx_word' id='word_1_115' title='bbox 1256 2422 1364 2506; x_wconf 84' lang='lat' dir='ltr'>milri</span> <span class='ocrx_word' id='word_1_116' title='bbox 1394 2420 1730 2505; x_wconf 89' lang='lat' dir='ltr'>constituendum</span> <span class='ocrx_word' id='word_1_117' title='bbox 1763 2439 1883 2501; x_wconf 88' lang='lat' dir='ltr'>ratus</span> <span class='ocrx_word' id='word_1_118' title='bbox 1915 2414 2041 2518; x_wconf 88' lang='lat' dir='ltr'>sum)</span> 
     </span>
     <span class='ocr_line' id='line_1_16' title="bbox 628 2525 2043 2724; baseline -0.001 -112"><span class='ocrx_word' id='word_1_119' title='bbox 628 2529 675 2724; x_wconf 62' lang='lat' dir='ltr'>{p</span> <span class='ocrx_word' id='word_1_120' title='bbox 692 2527 847 2657; x_wconf 76' lang='lat' dir='ltr'>quibus</span> <span class='ocrx_word' id='word_1_121' title='bbox 864 2527 1014 2721; x_wconf 77' lang='lat' dir='ltr'>fidquid</span> <span class='ocrx_word' id='word_1_122' title='bbox 1034 2527 1148 2612; x_wconf 70' lang='lat' dir='ltr'>reste</span> <span class='ocrx_word' id='word_1_123' title='bbox 1164 2528 1328 2616; x_wconf 74' lang='lat' dir='ltr'>didlum</span> <span class='ocrx_word' id='word_1_124' title='bbox 1349 2533 1525 2724; x_wconf 65' lang='lat' dir='ltr'>videstip‚</span> <span class='ocrx_word' id='word_1_125' title='bbox 1555 2558 1636 2658; x_wconf 84' lang='lat' dir='ltr'>uon</span> <span class='ocrx_word' id='word_1_126' title='bbox 1664 2527 1845 2721; x_wconf 59' lang='lat' dir='ltr'>idpsnihi</span> <span class='ocrx_word' id='word_1_127' title='bbox 1865 2525 1943 2611; x_wconf 89' lang='lat' dir='ltr'>soli</span> <span class='ocrx_word' id='word_1_128' title='bbox 1958 2530 2043 2722; x_wconf 63' lang='lat' dir='ltr'>⁴ppi·</span> 
     </span>
     <span class='ocr_line' id='line_1_17' title="bbox 662 2658 2044 2730; baseline 0 -8"><span class='ocrx_word' id='word_1_129' title='bbox 662 2667 707 2722; x_wconf 86' lang='lat' dir='ltr'>ur</span> <span class='ocrx_word' id='word_1_130' title='bbox 735 2658 886 2721; x_wconf 81' lang='lat' dir='ltr'>conten</span> <span class='ocrx_word' id='word_1_131' title='bbox 914 2667 960 2721; x_wconf 94' lang='lat' dir='ltr'>o·</span> <span class='ocrx_word' id='word_1_132' title='bbox 991 2665 1089 2723; x_wconf 91' lang='lat' dir='ltr'>cum</span> <span class='ocrx_word' id='word_1_133' title='bbox 1111 2665 1261 2727; x_wconf 85' lang='lat' dir='ltr'>nonex</span> <span class='ocrx_word' id='word_1_134' title='bbox 1281 2668 1375 2727; x_wconf 86' lang='lat' dir='ltr'>mea</span> <span class='ocrx_word' id='word_1_135' title='bbox 1450 2671 1471 2724; x_wconf 84' lang='lat' dir='ltr'>e</span> <span class='ocrx_word' id='word_1_136' title='bbox 1522 2661 1722 2730; x_wconf 79' lang='lat' dir='ltr'>eminenti</span> <span class='ocrx_word' id='word_1_137' title='bbox 1756 2664 1949 2721; x_wconf 78' lang='lat' dir='ltr'>imorum</span> <span class='ocrx_word' id='word_1_138' title='bbox 2004 2668 2044 2722; x_wconf 92' lang='lat' dir='ltr'>u·</span> 
     </span>
     <span class='ocr_line' id='line_1_18' title="bbox 624 2699 2042 2863; baseline 0.002 -32"><span class='ocrx_word' id='word_1_139' title='bbox 624 2702 1028 2832; x_wconf 63' lang='lat' dir='ltr'>diorumscnter’rtia</span> <span class='ocrx_word' id='word_1_140' title='bbox 1059 2748 1209 2835; x_wconf 75' lang='lat' dir='ltr'>cundia</span> <span class='ocrx_word' id='word_1_141' title='bbox 1238 2749 1372 2841; x_wconf 90' lang='lat' dir='ltr'>ferme</span> <span class='ocrx_word' id='word_1_142' title='bbox 1387 2699 1687 2863; x_wconf 55' lang='lat' dir='ltr'>&#39;protulerim</span> <span class='ocrx_word' id='word_1_143' title='bbox 1728 2756 1882 2859; x_wconf 79' lang='lat' dir='ltr'>inqua</span> <span class='ocrx_word' id='word_1_144' title='bbox 1916 2776 1963 2833; x_wconf 91' lang='lat' dir='ltr'>re</span> <span class='ocrx_word' id='word_1_145' title='bbox 1993 2777 2042 2834; x_wconf 92' lang='lat' dir='ltr'>ne</span> 
     </span>
     <span class='ocr_line' id='line_1_19' title="bbox 623 2857 2044 2974; baseline 0.004 -34"><span class='ocrx_word' id='word_1_146' title='bbox 623 2857 805 2967; x_wconf 87' lang='lat' dir='ltr'>quidem</span> <span class='ocrx_word' id='word_1_147' title='bbox 823 2878 1046 2958; x_wconf 82' lang='lat' dir='ltr'>veterum,</span> <span class='ocrx_word' id='word_1_148' title='bbox 1061 2861 1194 2944; x_wconf 87' lang='lat' dir='ltr'>etiam</span> <span class='ocrx_word' id='word_1_149' title='bbox 1212 2864 1493 2946; x_wconf 83' lang='lat' dir='ltr'>recentiorum</span> <span class='ocrx_word' id='word_1_150' title='bbox 1509 2863 1805 2974; x_wconf 79' lang='lat' dir='ltr'>quorundam,</span> <span class='ocrx_word' id='word_1_151' title='bbox 1822 2857 1870 2942; x_wconf 70' lang='grc' dir='ltr'>ἃ</span> <span class='ocrx_word' id='word_1_152' title='bbox 1893 2887 2044 2945; x_wconf 88' lang='lat' dir='ltr'>eorum</span> 
     </span>
     <span class='ocr_line' id='line_1_20' title="bbox 625 2964 2046 3078; baseline 0.006 -32"><span class='ocrx_word' id='word_1_153' title='bbox 625 2964 864 3078; x_wconf 74' lang='lat' dir='ltr'>prasertim</span> <span class='ocrx_word' id='word_1_154' title='bbox 881 2970 955 3078; x_wconf 91' lang='lat' dir='ltr'>qui</span> <span class='ocrx_word' id='word_1_155' title='bbox 967 2964 1183 3053; x_wconf 85' lang='lat' dir='ltr'>Plautinas</span> <span class='ocrx_word' id='word_1_156' title='bbox 1198 2972 1367 3055; x_wconf 84' lang='lat' dir='ltr'>delicias</span> <span class='ocrx_word' id='word_1_157' title='bbox 1386 2970 1530 3057; x_wconf 78' lang='lat' dir='ltr'>sediati</span> <span class='ocrx_word' id='word_1_158' title='bbox 1552 2974 1763 3070; x_wconf 72' lang='lat' dir='ltr'>sunt‚,non</span> <span class='ocrx_word' id='word_1_159' title='bbox 1786 2970 1941 3078; x_wconf 87' lang='lat' dir='ltr'>puduit</span> <span class='ocrx_word' id='word_1_160' title='bbox 1961 2971 2046 3055; x_wconf 91' lang='lat' dir='ltr'>sen·</span> 
     </span>
     <span class='ocr_line' id='line_1_21' title="bbox 632 3072 2046 3192; baseline 0.008 -35"><span class='ocrx_word' id='word_1_161' title='bbox 632 3077 786 3160; x_wconf 85' lang='lat' dir='ltr'>teotias</span> <span class='ocrx_word' id='word_1_162' title='bbox 804 3072 1002 3161; x_wconf 76' lang='lat' dir='ltr'>sciscitati</span> <span class='ocrx_word' id='word_1_163' title='bbox 1024 3140 1034 3159; x_wconf 87' lang='lat'><strong>.</strong></span> <span class='ocrx_word' id='word_1_164' title='bbox 1074 3076 1133 3161; x_wconf 91' lang='lat' dir='ltr'>Et</span> <span class='ocrx_word' id='word_1_165' title='bbox 1165 3082 1205 3163; x_wconf 88' lang='lat' dir='ltr'>in</span> <span class='ocrx_word' id='word_1_166' title='bbox 1233 3084 1379 3192; x_wconf 85' lang='lat' dir='ltr'>primis</span> <span class='ocrx_word' id='word_1_167' title='bbox 1399 3083 1572 3192; x_wconf 85' lang='lat' dir='ltr'>Georgii</span> <span class='ocrx_word' id='word_1_168' title='bbox 1588 3081 1729 3167; x_wconf 30' lang='lat' dir='ltr'>,Valla</span> <span class='ocrx_word' id='word_1_169' title='bbox 1745 3079 1841 3164; x_wconf 79' lang='lat' dir='ltr'>viri</span> <span class='ocrx_word' id='word_1_170' title='bbox 1864 3079 2046 3168; x_wconf 79' lang='lat' dir='ltr'>Clarissi-</span> 
     </span>
     <span class='ocr_line' id='line_1_22' title="bbox 623 3186 2044 3415; baseline 0.006 -34"><span class='ocrx_word' id='word_1_171' title='bbox 623 3186 2044 3415; x_wconf 54' lang='lat' dir='ltr'>ffillffllsslil‘lllibsil⁰3²¹rll1ll³lll⁰tlllffl‘llllll</span> 
     </span>
     <span class='ocr_line' id='line_1_23' title="bbox 1038 3358 1823 3402; baseline 0.004 -22"><span class='ocrx_word' id='word_1_172' title='bbox 1038 3358 1053 3402; x_wconf 89' lang='lat'>‚</span> <span class='ocrx_word' id='word_1_173' title='bbox 1392 3375 1394 3381; x_wconf 87' lang='lat'><em>.</em></span> <span class='ocrx_word' id='word_1_174' title='bbox 1812 3364 1823 3383; x_wconf 88' lang='lat'><strong>.</strong></span> 
     </span>
     <span class='ocr_line' id='line_1_24' title="bbox 623 3412 2047 3528; baseline 0.005 -36"><span class='ocrx_word' id='word_1_175' title='bbox 623 3429 772 3492; x_wconf 89' lang='lat' dir='ltr'>autem</span> <span class='ocrx_word' id='word_1_176' title='bbox 791 3412 929 3494; x_wconf 85' lang='lat' dir='ltr'>minus</span> <span class='ocrx_word' id='word_1_177' title='bbox 944 3432 1172 3512; x_wconf 82' lang='lat' dir='ltr'>ornatum,</span> <span class='ocrx_word' id='word_1_178' title='bbox 1193 3437 1270 3497; x_wconf 79' lang='lat' dir='ltr'>rur</span> <span class='ocrx_word' id='word_1_179' title='bbox 1289 3443 1368 3499; x_wconf 91' lang='lat' dir='ltr'>non</span> <span class='ocrx_word' id='word_1_180' title='bbox 1386 3418 1559 3497; x_wconf 87' lang='lat' dir='ltr'>omnino</span> <span class='ocrx_word' id='word_1_181' title='bbox 1580 3413 1855 3498; x_wconf 75' lang='lat' dir='ltr'>enucleat-um</span> <span class='ocrx_word' id='word_1_182' title='bbox 1873 3441 2047 3528; x_wconf 89' lang='lat' dir='ltr'>compe·</span> 
     </span>
     <span class='ocr_line' id='line_1_25' title="bbox 624 3515 2044 3639; baseline 0.009 -42"><span class='ocrx_word' id='word_1_183' title='bbox 624 3517 757 3611; x_wconf 70' lang='lat' dir='ltr'>reris,</span> <span class='ocrx_word' id='word_1_184' title='bbox 782 3536 857 3597; x_wconf 81' lang='lat' dir='ltr'>aut</span> <span class='ocrx_word' id='word_1_185' title='bbox 887 3515 999 3596; x_wconf 88' lang='lat' dir='ltr'>forte</span> <span class='ocrx_word' id='word_1_186' title='bbox 1026 3519 1187 3600; x_wconf 85' lang='lat' dir='ltr'>incuria</span> <span class='ocrx_word' id='word_1_187' title='bbox 1209 3522 1414 3604; x_wconf 39' lang='lat' dir='ltr'>&lt;omissum</span> <span class='ocrx_word' id='word_1_188' title='bbox 1443 3530 1559 3623; x_wconf 88' lang='lat' dir='ltr'>(nou</span> <span class='ocrx_word' id='word_1_189' title='bbox 1586 3526 1700 3607; x_wconf 89' lang='lat' dir='ltr'>euim</span> <span class='ocrx_word' id='word_1_190' title='bbox 1723 3525 1857 3635; x_wconf 87' lang='lat' dir='ltr'>potest</span> <span class='ocrx_word' id='word_1_191' title='bbox 1879 3524 2044 3639; x_wconf 85' lang='lat' dir='ltr'>Lippus</span> 
     </span>
     <span class='ocr_line' id='line_1_26' title="bbox 630 3622 2047 3743; baseline 0.009 -36"><span class='ocrx_word' id='word_1_192' title='bbox 630 3646 842 3735; x_wconf 88' lang='lat' dir='ltr'>quantum</span> <span class='ocrx_word' id='word_1_193' title='bbox 858 3622 1116 3707; x_wconf 84' lang='lat' dir='ltr'>contendere</span> <span class='ocrx_word' id='word_1_194' title='bbox 1135 3627 1354 3730; x_wconf 82' lang='lat' dir='ltr'>Lynceus)</span> <span class='ocrx_word' id='word_1_195' title='bbox 1380 3631 1446 3713; x_wconf 82' lang='lat' dir='ltr'>vel</span> <span class='ocrx_word' id='word_1_196' title='bbox 1475 3633 1655 3743; x_wconf 79' lang='lat' dir='ltr'>ignoscas</span> <span class='ocrx_word' id='word_1_197' title='bbox 1676 3693 1690 3734; x_wconf 90' lang='lat'>,</span> <span class='ocrx_word' id='word_1_198' title='bbox 1721 3636 1788 3722; x_wconf 82' lang='lat' dir='ltr'>vel</span> <span class='ocrx_word' id='word_1_199' title='bbox 1811 3641 2047 3738; x_wconf 79' lang='lat' dir='ltr'>emendes,</span> 
     </span>
     <span class='ocr_line' id='line_1_27' title="bbox 629 3730 2040 3849; baseline 0.014 -35"><span class='ocrx_word' id='word_1_200' title='bbox 629 3730 887 3841; x_wconf 67' lang='lat' dir='ltr'>ceterosque</span> <span class='ocrx_word' id='word_1_201' title='bbox 914 3757 1119 3829; x_wconf 67' lang='lat' dir='ltr'>moneas,</span> <span class='ocrx_word' id='word_1_202' title='bbox 1153 3758 1203 3821; x_wconf 90' lang='lat' dir='ltr'>ut</span> <span class='ocrx_word' id='word_1_203' title='bbox 1233 3736 1261 3819; x_wconf 82' lang='lat' dir='ltr'>fi</span> <span class='ocrx_word' id='word_1_204' title='bbox 1291 3765 1421 3849; x_wconf 88' lang='lat' dir='ltr'>quam</span> <span class='ocrx_word' id='word_1_205' title='bbox 1454 3741 1612 3828; x_wconf 84' lang='lat' dir='ltr'>habent</span> <span class='ocrx_word' id='word_1_206' title='bbox 1651 3745 1694 3828; x_wconf 89' lang='lat' dir='ltr'>iu</span> <span class='ocrx_word' id='word_1_207' title='bbox 1722 3772 1795 3829; x_wconf 88' lang='lat' dir='ltr'>nos</span> <span class='ocrx_word' id='word_1_208' title='bbox 1826 3744 2040 3833; x_wconf 83' lang='lat' dir='ltr'>fervidam</span> 
     </span>
     <span class='ocr_line' id='line_1_28' title="bbox 631 3843 2045 3970; baseline 0.013 -45"><span class='ocrx_word' id='word_1_209' title='bbox 631 3867 847 3969; x_wconf 80' lang='lat' dir='ltr'>mentem,</span> <span class='ocrx_word' id='word_1_210' title='bbox 875 3862 1048 3951; x_wconf 73' lang='lat' dir='ltr'>tegant.</span> <span class='ocrx_word' id='word_1_211' title='bbox 1082 3843 1172 3962; x_wconf 74' lang='lat' dir='ltr'>Qui</span> <span class='ocrx_word' id='word_1_212' title='bbox 1201 3845 1229 3929; x_wconf 80' lang='lat' dir='ltr'>fi</span> <span class='ocrx_word' id='word_1_213' title='bbox 1262 3844 1373 3934; x_wconf 87' lang='lat' dir='ltr'>forte</span> <span class='ocrx_word' id='word_1_214' title='bbox 1389 3850 1524 3938; x_wconf 81' lang='lat' dir='ltr'>livore</span> <span class='ocrx_word' id='word_1_215' title='bbox 1550 3881 1576 3939; x_wconf 87' lang='lat' dir='ltr'>a</span> <span class='ocrx_word' id='word_1_216' title='bbox 1607 3857 1702 3940; x_wconf 84' lang='lat' dir='ltr'>itati</span> <span class='ocrx_word' id='word_1_217' title='bbox 1723 3856 2045 3970; x_wconf 79' lang='lat' dir='ltr'>perstreperint,</span> 
     </span>
     <span class='ocr_line' id='line_1_29' title="bbox 631 3883 2042 4080; baseline 0.013 -45"><span class='ocrx_word' id='word_1_218' title='bbox 631 3973 709 4035; x_wconf 83' lang='lat' dir='ltr'>rua</span> <span class='ocrx_word' id='word_1_219' title='bbox 727 3971 915 4035; x_wconf 77' lang='lat' dir='ltr'>oratione</span> <span class='ocrx_word' id='word_1_220' title='bbox 944 3959 1210 4065; x_wconf 81' lang='lat' dir='ltr'>compesoer3</span> <span class='ocrx_word' id='word_1_221' title='bbox 1236 3982 1499 4070; x_wconf 87' lang='lat' dir='ltr'>quamquam</span> <span class='ocrx_word' id='word_1_222' title='bbox 1526 3883 1634 4048; x_wconf 61' lang='grc' dir='ltr'><strong>αἰξὶ]</strong></span> <span class='ocrx_word' id='word_1_223' title='bbox 1661 3992 1840 4069; x_wconf 82' lang='lat' dir='ltr'>moror,</span> <span class='ocrx_word' id='word_1_224' title='bbox 1867 3972 1986 4080; x_wconf 89' lang='lat' dir='ltr'>quod</span> <span class='ocrx_word' id='word_1_225' title='bbox 2016 3970 2042 4053; x_wconf 78' lang='lat' dir='ltr'>fi</span> 
     </span>
     <span class='ocr_line' id='line_1_30' title="bbox 631 4058 2038 4175; baseline 0.014 -29"><span class='ocrx_word' id='word_1_226' title='bbox 631 4062 733 4175; x_wconf 89' lang='lat' dir='ltr'>quid</span> <span class='ocrx_word' id='word_1_227' title='bbox 768 4062 864 4145; x_wconf 89' lang='lat' dir='ltr'>boni</span> <span class='ocrx_word' id='word_1_228' title='bbox 893 4058 1058 4148; x_wconf 64' lang='lat' dir='ltr'>facium</span> <span class='ocrx_word' id='word_1_229' title='bbox 1076 4064 1208 4153; x_wconf 82' lang='lat' dir='ltr'>fuerit</span> <span class='ocrx_word' id='word_1_230' title='bbox 1232 4067 1380 4169; x_wconf 89' lang='lat' dir='ltr'>bouis,</span> <span class='ocrx_word' id='word_1_231' title='bbox 1406 4072 1625 4159; x_wconf 81' lang='lat' dir='ltr'>inrideant</span> <span class='ocrx_word' id='word_1_232' title='bbox 1650 4104 1733 4161; x_wconf 93' lang='lat' dir='ltr'>non</span> <span class='ocrx_word' id='word_1_233' title='bbox 1760 4077 1887 4161; x_wconf 87' lang='lat' dir='ltr'>boni.</span> <span class='ocrx_word' id='word_1_234' title='bbox 1929 4080 2038 4165; x_wconf 79' lang='lat' dir='ltr'>Haec</span> 
     </span>
     <span class='ocr_line' id='line_1_31' title="bbox 631 4170 2043 4291; baseline 0.015 -34"><span class='ocrx_word' id='word_1_235' title='bbox 631 4193 778 4258; x_wconf 74' lang='lat' dir='ltr'>eutem</span> <span class='ocrx_word' id='word_1_236' title='bbox 799 4170 829 4254; x_wconf 89' lang='lat' dir='ltr'>fi</span> <span class='ocrx_word' id='word_1_237' title='bbox 851 4173 914 4256; x_wconf 89' lang='lat' dir='ltr'>tui</span> <span class='ocrx_word' id='word_1_238' title='bbox 926 4180 1151 4262; x_wconf 79' lang='lat' dir='ltr'>accerrimi</span> <span class='ocrx_word' id='word_1_239' title='bbox 1166 4178 1315 4280; x_wconf 84' lang='lat' dir='ltr'>judicii</span> <span class='ocrx_word' id='word_1_240' title='bbox 1343 4179 1511 4266; x_wconf 84' lang='lat' dir='ltr'>siabunt</span> <span class='ocrx_word' id='word_1_241' title='bbox 1529 4185 1697 4291; x_wconf 84' lang='lat' dir='ltr'>incudi,</span> <span class='ocrx_word' id='word_1_242' title='bbox 1723 4190 1880 4275; x_wconf 87' lang='lat' dir='ltr'>nullius</span> <span class='ocrx_word' id='word_1_243' title='bbox 1898 4187 2043 4277; x_wconf 86' lang='lat' dir='ltr'>formi-</span> 
     </span>
     <span class='ocr_line' id='line_1_32' title="bbox 630 4278 1653 4373; baseline 0.013 -6"><span class='ocrx_word' id='word_1_244' title='bbox 630 4282 745 4367; x_wconf 91' lang='lat' dir='ltr'>dabo</span> <span class='ocrx_word' id='word_1_245' title='bbox 764 4278 1092 4370; x_wconf 83' lang='lat' dir='ltr'>Rhinocerontis</span> <span class='ocrx_word' id='word_1_246' title='bbox 1120 4288 1290 4373; x_wconf 88' lang='lat' dir='ltr'>nasum.</span> <span class='ocrx_word' id='word_1_247' title='bbox 1651 4358 1653 4361; x_wconf 86' lang='lat'><em>-</em></span> 
     </span>
     <span class='ocr_line' id='line_1_33' title="bbox 636 4389 1791 4510; baseline 0.017 -38"><span class='ocrx_word' id='word_1_248' title='bbox 636 4444 638 4449; x_wconf 66' lang='lat'>,</span> <span class='ocrx_word' id='word_1_249' title='bbox 695 4389 880 4475; x_wconf 78' lang='lat' dir='ltr'>Veneriis</span> <span class='ocrx_word' id='word_1_250' title='bbox 906 4390 1088 4488; x_wconf 84' lang='lat' dir='ltr'><strong>MDXI.</strong></span> <span class='ocrx_word' id='word_1_251' title='bbox 1115 4426 1192 4510; x_wconf 91' lang='lat' dir='ltr'>per</span> <span class='ocrx_word' id='word_1_252' title='bbox 1210 4399 1423 4488; x_wconf 87' lang='lat' dir='ltr'>Lazarum</span> <span class='ocrx_word' id='word_1_253' title='bbox 1443 4402 1673 4491; x_wconf 86' lang='lat' dir='ltr'>Soardum.</span> <span class='ocrx_word' id='word_1_254' title='bbox 1786 4426 1791 4432; x_wconf 84' lang='grc'><em>·</em></span> 
     </span>
     <span class='ocr_line' id='line_1_34' title="bbox 635 4508 1664 4629; baseline 0.013 -42"><span class='ocrx_word' id='word_1_255' title='bbox 635 4563 640 4574; x_wconf 86' lang='grc'>-</span> <span class='ocrx_word' id='word_1_256' title='bbox 996 4508 1058 4591; x_wconf 72' lang='lat' dir='ltr'>Er</span> <span class='ocrx_word' id='word_1_257' title='bbox 1085 4513 1128 4591; x_wconf 79' lang='lat' dir='ltr'>ir</span> <span class='ocrx_word' id='word_1_258' title='bbox 1147 4509 1230 4617; x_wconf 74' lang='lat' dir='ltr'>fine</span> <span class='ocrx_word' id='word_1_259' title='bbox 1259 4512 1462 4596; x_wconf 78' lang='lat' dir='ltr'>Volumim&#39;s</span> <span class='ocrx_word' id='word_1_260' title='bbox 1485 4515 1664 4629; x_wconf 69' lang='lat' dir='ltr'>ssrbditur</span> 
     </span>
     <span class='ocr_line' id='line_1_35' title="bbox 723 4617 1554 4709; baseline -0.004 0"><span class='ocrx_word' id='word_1_261' title='bbox 723 4648 729 4709; x_wconf 66' lang='lat'><strong><em>4</em></strong></span> <span class='ocrx_word' id='word_1_262' title='bbox 1116 4617 1350 4706; x_wconf 80' lang='lat' dir='ltr'>Excusatio</span> <span class='ocrx_word' id='word_1_263' title='bbox 1377 4623 1554 4709; x_wconf 82' lang='lat' dir='ltr'>Lazari.</span> 
     </span>
     <span class='ocr_line' id='line_1_36' title="bbox 743 4721 1445 4955; baseline 0.013 -40"><span class='ocrx_word' id='word_1_264' title='bbox 743 4721 1445 4955; x_wconf 54' lang='lat' dir='ltr'>effus</span> 
     </span>
     <span class='ocr_line' id='line_1_37' title="bbox 741 4946 1830 5071; baseline 0.017 -46"><span class='ocrx_word' id='word_1_265' title='bbox 741 4947 788 5025; x_wconf 67' lang='lat' dir='ltr'>ss·</span> <span class='ocrx_word' id='word_1_266' title='bbox 814 4972 894 5046; x_wconf 79' lang='lat' dir='ltr'>qur</span> <span class='ocrx_word' id='word_1_267' title='bbox 920 4969 1059 5031; x_wconf 75' lang='lat' dir='ltr'>errata</span> <span class='ocrx_word' id='word_1_268' title='bbox 1086 4948 1181 5033; x_wconf 83' lang='lat' dir='ltr'>liber</span> <span class='ocrx_word' id='word_1_269' title='bbox 1208 4952 1364 5038; x_wconf 80' lang='lat' dir='ltr'>dederit</span> <span class='ocrx_word' id='word_1_270' title='bbox 1380 4960 1515 5037; x_wconf 26' lang='lat' dir='ltr'>‘minut</span> <span class='ocrx_word' id='word_1_271' title='bbox 1540 4946 1639 5066; x_wconf 73' lang='lat' dir='ltr'>apta</span> <span class='ocrx_word' id='word_1_272' title='bbox 1665 4961 1830 5071; x_wconf 79' lang='lat' dir='ltr'>legenti,</span> 
     </span>
     <span class='ocr_line' id='line_1_38' title="bbox 627 5054 1837 5166; baseline 0.015 -32"><span class='ocrx_word' id='word_1_273' title='bbox 627 5102 645 5118; x_wconf 85' lang='lat'>-·</span> <span class='ocrx_word' id='word_1_274' title='bbox 793 5057 854 5140; x_wconf 82' lang='lat' dir='ltr'>Et</span> <span class='ocrx_word' id='word_1_275' title='bbox 886 5054 986 5142; x_wconf 74' lang='lat' dir='ltr'>masc</span> <span class='ocrx_word' id='word_1_276' title='bbox 1013 5060 1214 5166; x_wconf 67' lang='lat' dir='ltr'>compulsis</span> <span class='ocrx_word' id='word_1_277' title='bbox 1239 5063 1412 5147; x_wconf 79' lang='lat' dir='ltr'>barbara</span> <span class='ocrx_word' id='word_1_278' title='bbox 1439 5064 1557 5151; x_wconf 78' lang='lat' dir='ltr'>verba</span> <span class='ocrx_word' id='word_1_279' title='bbox 1583 5076 1703 5154; x_wconf 81' lang='lat' dir='ltr'>notis:</span> <span class='ocrx_word' id='word_1_280' title='bbox 1833 5077 1837 5084; x_wconf 84' lang='grc'><em>’</em></span> 
     </span>
    </p>
   </div>
   <div class='ocr_carea' id='block_1_3' title="bbox 1909 5193 1986 5273">
    <p class='ocr_par' dir='ltr' id='par_1_3' title="bbox 1909 5193 1986 5273">
     <span class='ocr_line' id='line_1_39' title="bbox 1909 5193 1986 5273; baseline 0.065 -5"><span class='ocrx_word' id='word_1_281' title='bbox 1909 5193 1986 5273; x_wconf 79' lang='lat' dir='ltr'>Da</span> 
     </span>
    </p>
   </div>
   <div class='ocr_carea' id='block_1_4' title="bbox 0 0 2234 6741">
    <p class='ocr_par' dir='ltr' id='par_1_4' title="bbox 0 0 2234 6741">
     <span class='ocr_line' id='line_1_40' title="bbox 0 0 2234 6741; baseline 0 0"><span class='ocrx_word' id='word_1_282' title='bbox 0 0 2234 6741; x_wconf 95' lang='lat' dir='ltr'> </span> 
     </span>
    </p>
   </div>
  </div>
 </body>
</html>
