4459 6750
481 892 539 975 n
754 850 873 956 Art.
930 796 1195 959 ocri>
1231 842 1412 952 rur
1685 977 1697 1001 ο

407 1001 633 1135 eupatoria
659 994 729 1099 ade.
743 989 1012 1130 Philippum
1039 987 1308 1123 Cyulanu'rn
1331 994 1556 1149 majorem
1573 962 1823 1112 Agnenfis

411 1132 608 1234 Ecclesiae
644 1130 938 1272 Ptaeposrtum
973 1138 1187 1365 Unplariae
1223 1138 1364 1263 Regis
1401 1133 1647 1219 Oratorem
1679 1112 1819 1251 ‚apud

406 1285 621 1375 Venetos²
637 1346 650 1389 ,
693 1285 737 1370 oc
775 1264 991 1369 Bononiee
1028 1279 1058 1368 Ρ
1097 1266 1226 1404 ilippi
1263 1257 1470 1362 Beroaldi
1513 1255 1820 1355 auditorem.

402 1411 474 1511 Ibi
517 1407 726 1547 Raphael
759 1406 1063 1546 ,postquam
1111 1412 1428 1503 Enarrationes
1466 1392 1563 1494 suas
1610 1386 1817 1626 infiigni-

404 1585 471 1648 ter
503 1544 697 1671 jastaffet
719 1624 731 1664 ,
755 1547 1012 1663 affirmans,
1049 1539 1241 1641 Librum
1272 1539 1412 1636 illurn
1440 1533 1600 1633 Ovidii
1626 1568 1659 1626 a
1718 1569 1745 1626 e
1775 1525 1825 1623 il·

408 1686 690 1802 lustratum,
722 1684 1005 1824 ubicumque
1032 1694 1247 1781 Romana
1274 1680 1339 1776 est
1368 1687 1416 1772 in
1440 1667 1522 1769 usu
1553 1668 1727 1809 ling'u'a
1767 1664 1826 1764 le·

407 1831 589 1941 uitari,
625 1836 810 1963 jamque
850 1835 897 1923 in
925 1831 1040 1961 quin
1077 1814 1264 1955 u'a'ginta
1299 1809 1508 1912 millibus
1541 1804 1822 1947 exemplari-

406 1957 532 2076 bus,
570 1976 617 2058 &
651 1960 851 2101 amplius
881 1958 1010 2061 fuisse
1042 1860 1319 2096 ielcriptum
1336 2029 1351 2072 ,
1387 1986 1537 2089 quum
1568 1984 1703 2049 antea
1742 1953 1823 2039 vix

406 2136 432 2195 a
470 2134 708 2236 quoquam
735 2139 912 2241 propter
942 2095 1090 2197 foedas
1127 2096 1470 2233 depravationes
1480 2163 1494 2206 ‚
1532 2104 1579 2187 &
1602 2080 1824 2187 obscuros

409 2231 532 2330 locos
557 2246 605 2333 in
639 2275 805 2335 manus
828 2236 1114 2350 sumeretur,
1152 2234 1251 2369 post
1287 2226 1556 2365 insignem,
1591 2234 1825 2363 inquam,

410 2367 532 2468 hanc
556 2382 850 2495 jaetat'ionem
866 2450 880 2491 ,
906 2375 961 2472 de
989 2367 1217 2510 Apologia
1250 2366 1326 2468 sua
1365 2378 1414 2465 in
1443 2363 1562 2465 calce
1602 2358 1821 2507 Epistolae

405 2514 467 2605 ita
492 2505 698 2646 loquitur
714 2557 724 2609 :
740 2521 785 2616 S
786 2517 837 2614 cd
861 2550 909 2613 ne
923 2508 1012 2642 stne
1041 2511 1258 2644 appendice
1284 2509 1370 2607 hcc
1391 2505 1475 2607 tibi
1490 2500 1697 2640 Epistola
1714 2501 1827 2637 scri-

394 2671 477 2778 pte
516 2643 588 2787 ff
614 2652 848 2766 videatur,
872 2643 1162 2786 breviffimem
1189 2681 1332 2746 eorum
1348 2644 1633 2780 subjiciamus
1656 2641 1828 2778 Apule

398 2790 547 2908 giam,
577 2824 669 2918 quc
697 2785 765 2913 isli
784 2800 826 2886 in
852 2789 988 2886 aliena
1012 2813 1135 2919 opera
1161 2786 1306 2884 linceis
1330 2788 1416 2906 (uc
1437 2783 1750 2917 ajunt)oeulis
1772 2789 1835 2881 in-

412 2927 656 3050 quirentes,
681 2934 723 3018 in
733 2923 832 3054 sicis
854 2952 995 3021 cutem
1020 2932 1292 3041 coefcuticntcs
1313 2920 1691 3054 reprehenderunt.

480 3055 557 3153 Ad
578 3055 748 3163 calcem
783 3055 1015 3198 utriusque
1039 3060 1289 3175 Editiouis,
1314 3052 1478 3155 scilicet
1499 3054 1830 3167 Mediolanen-

406 3189 491 3307 fis,
524 3207 572 3291 δι
603 3205 812 3315 Venetae,
850 3198 990 3297 exstat
1015 3208 1063 3334 ip
1084 3234 1153 3292 rus
1176 3193 1422 3332 Raphaelis
1452 3197 1687 3319 judiciaria
1703 3226 1829 3331 quae-

405 3330 514 3429 dam
548 3328 832 3454 clamitatio,
921 3346 1009 3436 tius
1046 3371 1188 3474 quam
1225 3344 1417 3452 Oratio,
1441 3334 1499 3434 ad
1531 3344 1834 3435 Venetorum

412 3470 761 3566 Advocatorum
788 3371 1092 3606 Colligium,
1127 3511 1219 3604 qua
1257 3474 1477 3594 justitiam
1510 3468 1595 3572 srbi
1618 3474 1833 3575 admini-

416 3601 650 3699 strandam
676 3613 788 3736 petit
817 3605 1025 3702 adversus
1052 3604 1234 3705 suarum
1258 3607 1444 3711 illarum
1466 3621 1829 3714 Enarrationum

419 3740 766 3869 depravatores,
796 3778 847 3837 ut
872 3779 1027 3858 vocat,
1048 3785 1102 3840 eo
1127 3742 1279 3844 furore
1301 3825 1315 3866 ,
1335 3790 1385 3848 ac
1409 3748 1660 3853 verborum
1682 3759 1833 3891 impe·

418 3908 469 3969 tu
496 3946 512 3988 ,
539 3907 677 4109 puem
705 3886 881 3977 leuiori
916 3877 1279 4018 dignoscendum
1320 3890 1627 4029 relinquimus
1664 3900 1830 4009 exiis,

415 4047 516 4149 quae
561 4050 816 4150 equuntur.

480 4192 657 4300 Raphael
680 4195 825 4309 Regius
856 4195 1087 4309 Clariffimis
1108 4152 1324 4314 Epuitibur
1349 4208 1536 4299 «Antonio
1555 4207 1773 4318 eridano,

512 4326 879 4436 JecnniFrancisco
895 4335 1122 4440 Poseelico,
1146 4347 1519 4471 Dominicossollene
1540 4339 1732 4465 cloquen-¹

707 4470 743 4551 ti
771 4473 861 4554 emis
878 4465 1235 4584 munitioribus,
1260 4477 1521 4571 Felicitatem.

407 4565 701 4778 IMprudeos
722 4591 844 4674 fimul
863 4650 876 4691 ,
898 4590 945 4675 &
967 4599 1050 4681 mei
1073 4602 1249 4685 nominis
1275 4609 1483 4717 negleolor
1511 4601 1636 4695 facile
1672 4607 1836 4701 habeti·

376 4775 379 4781 .
494 4697 677 4808 possem,
704 4703 963 4813 integerrimi
983 4707 1299 4802 Advocatores,
1318 4719 1388 4800 nisr
1410 4720 1571 4831 aliquot
1594 4749 1650 4807 ex
1670 4749 1825 4810 earum

407 4805 692 4917 ineptiarum,
712 4838 805 5003 eppa:
825 4813 929 4898 mibi
950 4816 1055 4899 falso
1073 4820 1174 4903 ascri
1211 4846 1263 4905 tae
1284 4826 1488 4928 suerunt,
1515 4828 1737 4923 erroribus
1772 4865 1831 4920 an·

407 4918 645 5019 notassem,
669 4947 721 5001 vo
755 4922 869 5033 isque
886 4926 1111 5030 djcauem.
1200 4962 1253 5014 on
1281 4941 1395 5048 quod
1434 4939 1671 5030 illiusmodi
1703 4974 1830 5057 nugat

407 5031 545 5117 uestra
568 5054 658 5118 cam
685 5034 908 5118 excellenti
928 5037 1136 5145 doiirinu,
1170 5045 1500 5164 eloquentiaque
1524 5056 1673 5170 dignas
1705 5064 1835 5145 existi·

1632 5195 1785 5273 mern,
