4459 6750
806 878 1420 1019 ²oRAToR1n
1695 939 1755 1024 rt

401 1043 545 1142 tiam,
569 1035 647 1123 sed
676 1035 733 1124 ad
762 1040 961 1124 omniu-m
991 1036 1163 1150 prorsus
1190 1035 1400 1120 bonarum
1429 1031 1592 1120 artium
1609 1035 1828 1133 scientiam

400 1156 550 1253 latior,
577 1177 629 1237 ac
659 1152 801 1236 minue
819 1151 1029 1260 impedita
1060 1152 1131 1234 ria
1151 1166 1299 1257 patere
1328 1141 1556 1229 videatur.
1589 1145 1724 1261 Qrod
1752 1180 1830 1266 ego

404 1292 508 1350 cum
540 1290 624 1346 non
645 1259 727 1346 sine
752 1260 863 1362 juslo
891 1259 1077 1371 gaudio,
1106 1253 1459 1338 &admiratione
1488 1255 1829 1365 considerarem,

404 1377 494 1460 mei
524 1372 666 1456 nescio
693 1398 780 1484 quo
808 1370 933 1481 padio
962 1387 1127 1453 memet
1149 1363 1414 1477 poenitebat.
1445 1364 1662 1453 Dolebam
1681 1382 1795 1460 enim
1810 1432 1826 1473 ,

397 1486 529 1600 -quod
550 1505 691 1570 totam
712 1481 1028 1593 propemodum
1045 1500 1218 1564 etatem
1239 1478 1301 1561 ita
1321 1475 1682 1587 consumpfissem,
1702 1507 1751 1566 ut
1772 1490 1831 1570 ni·

401 1596 478 1681 :hil
507 1596 560 1680 de
580 1595 828 1706 posteritate
847 1594 1070 1701 cogitans,
1095 1595 1138 1674 in
1166 1589 1255 1673 solo
1267 1615 1423 1672 eorum
1446 1589 1671 1698 prosedlu,
1698 1597 1773 1705 qui
1801 1623 1828 1681 a

409 1732 485 1793 me
504 1705 666 1790 discere
694 1700 1035 1802 voluissent,mei
1057 1698 1514 1813 periculumsec'ttl'em,
1529 1728 1603 1785 nec
1622 1731 1828 1814 unquam,

404 1819 440 1903 h
470 1817 574 1928 quid
595 1817 762 1927 ingenii,
783 1810 839 1898 dc
859 1815 1109 1898 eruditionis
1129 1815 1172 1896 in
1193 1837 1263 1896 me
1279 1809 1380 1895 esset
1391 1867 1405 1910 ,
1432 1811 1557 1894 aliter
1573 1838 1703 1924 quam
1723 1819 1827 1904 alios

408 1928 617 2028 docendo,
638 1927 817 2037 probare
838 1924 1063 2011 tentassem
1083 1924 1278 2034 ,ltaque
1295 1941 1468 2007 mutato
1486 1927 1528 2006 in
1549 1927 1701 2008 melius
1728 1928 1827 2028 (nist

409 2067 482 2124 me
505 2036 595 2149 spes
615 2037 755 2141 fallit)
786 2035 1026 2147 proposito,
1054 2040 1137 2149 qui.
1158 2034 1298 2119 saeeuli
1318 2033 1443 2120 noslri
1468 2032 1715 2123 hominibus
1736 2065 1828 2149 pro·

398 2150 520 2236 desse
540 2176 757 2261 nunquam
788 2146 1059 2250 destitissem,
1088 2148 1199 2259 coepi
1226 2144 1344 2229 velle
1365 2144 1536 2256 posteris
1563 2150 1697 2235 etiam
1728 2178 1825 2264 pro·

404 2261 551 2359 desse,
583 2258 614 2342 sr
636 2259 823 2369 possem.
864 2258 999 2374 Qiod
1027 2257 1283 2345 effedlurum
1314 2283 1384 2341 me
1403 2261 1589 2369 putavi,
1619 2260 1646 2344 fi
1676 2265 1826 2361 exiis,

404 2400 503 2486 quae
521 2371 797 2479 scripseram,
826 2383 1080 2467 urrumnai
1102 2369 1301 2484 aliquid,
1331 2390 1460 2481 atque
1490 2370 1535 2455 id
1565 2399 1645 2456 non
1674 2373 1825 2459 inutile

406 2481 719 2596 publicassem.
749 2482 869 2568 Cum
890 2510 992 2568 vero
1019 2510 1192 2568 mecum
1222 2481 1582 2592 ipseeogitnrem,
1608 2485 1713 2596 quid
1733 2510 1823 2570 ran·
1905 2546 1908 2551 ·

395 2595 509 2680 dem
530 2621 554 2678 e
573 2594 748 2693 multis,
773 2620 870 2706 quae
885 2591 1083 2697 jacebant
1100 2613 1347 2705 contempta
1368 2649 1381 2692 ,
1412 2593 1680 2704 deligerem,
1706 2598 1823 2680 venit

404 2707 450 2792 in
469 2725 661 2789 mentem
682 2706 972 2791 veterisvillius
989 2705 1227 2806 sententie,
1244 2731 1327 2815 qua
1349 2732 1599 2806 monemur,
1627 2730 1679 2791 ut
1699 2709 1740 2791 in
1760 2735 1825 2809 en,

404 2842 537 2930 quam
568 2818 798 2918 norimus,
826 2837 922 2902 arte
951 2838 1120 2929 tempus
1148 2837 1450 2902 conteramur:
1481 2817 1709 2931 statimque
1738 2823 1824 2902 ani·

405 2951 538 3013 mum
552 2928 744 3013 converti
775 2927 833 3012 ad
850 2926 978 3012 libros
995 2928 1203 3040 quosdam
1235 2928 1288 3011 de
1306 2929 1494 3014 oratorio
1513 2956 1719 3032 numero,
1746 2930 1822 3015 seu

403 3039 614 3142 rhythmo
633 3072 654 3137 ,·
684 3064 790 3149 quos
817 3039 1056 3126 amicorum
1090 3038 1214 3125 suasu
1239 3041 1481 3141 inchoatos,
1511 3043 1825 3152 propemodum

409 3149 556 3259 postea
573 3148 840 3254 abjeceram
863 3178 948 3234 non
968 3152 1138 3236 inutiles
1156 3149 1332 3260 quidem
1351 3152 1445 3233 illor
1462 3173 1594 3251 ratus,
1627 3152 1698 3236 sed
1720 3157 1825 3237 veri·

409 3285 504 3357 rue,
535 3286 587 3344 ne
604 3259 717 3344 male
728 3257 876 3346 feriati
891 3260 1089 3345 hominen
1105 3264 1225 3369 prins
1244 3261 1525 3368 negligerent,
1549 3287 1683 3368 quam
1706 3264 1826 3347 intel·

412 3369 603 3457 leuiffent
628 3406 641 3477 ;
662 3368 716 3457 dc
746 3371 936 3483 inspedlo
958 3391 1139 3452 rantum
1167 3368 1298 3448 titulo
1326 3365 1545 3448 confilium
1574 3395 1720 3457 meum
1751 3370 1827 3464 sla.

405 3486 489 3567 rim
508 3483 865 3597 reprehenderent
886 3539 898 3578 ,
930 3478 978 3563 δι
999 3478 1259 3574 clamarent,
1279 3502 1350 3558 me
1369 3473 1455 3583 poll
1479 3496 1543 3559 tot
1566 3478 1823 3578 Graecos,&

408 3593 586 3682 Latinos
601 3594 819 3693 nudiores,
848 3591 1008 3678 &illos
1034 3589 1212 3701 quidem
1232 3584 1523 3696 gravissimos,
1552 3589 1595 3671 in
1623 3616 1668 3671 re
1696 3594 1825 3678 toties

399 3708 733 3818 agituta,toties
747 3701 1049 3816 scripta,nihil
1066 3699 1186 3786 aliud
1208 3694 1485 3808 posse.,quam
1498 3698 1636 3812 ,quod
1657 3698 1821 3813 legibus

402 3815 793 3909 verumundum
806 3841 954 3919 ogere.
982 3813 1122 3897 Hace
1151 3838 1178 3893 o
1198 3833 1265 3911 re,
1278 3834 1416 3921 quum
1432 3811 1561 3911 objici
1578 3810 1692 3923 posse
1711 3816 1822 3903 mihi

404 3921 845 4034 intelligebammihil
855 3920 1081 4005 deterritus
1088 3978 1103 4021 ,
1121 3839 1194 4005 sed
1204 3922 1583 4034 mugis,magisque
1604 3927 1820 4030 incitatur,

403 4034 684 4147 quoscunque
714 4032 783 4116 vel
799 4033 1098 4145 antiquorum,
1129 4031 1198 4116 vel
1227 4035 1511 4115 recentiorum
1532 4033 1740 4118 tradlatus
1769 4064 1821 4125 en

399 4153 458 4233 de
477 4174 523 4230 re
538 4146 668 4257 potui
689 4146 895 4245 invenite,
926 4143 1151 4257 diligenter
1169 4143 1251 4252 legi
1274 4178 1283 4227 :
1315 4165 1363 4226 ut
1382 4142 1591 4253 quosdam
1611 4172 1664 4227 ex
1685 4148 1733 4228 iis
1751 4173 1816 4230 ar·

401 4262 458 4344 tis
478 4256 733 4362 rhythmice
752 4258 910 4369 peritos
927 4284 978 4343 ne
1006 4283 1078 4342 are
1097 4284 1179 4340 non
1195 4252 1363 4353 aufirn,
1391 4259 1452 4340 ita
1471 4253 1579 4339 illud
1597 4309 1614 4354 ,
1632 4256 1736 4344 nihil
1758 4285 1818 4344 re·

403 4368 892 4467 luctanteoonscientia‘,
921 4394 946 4452 a
996 4369 1251 4467 rmaverim,
1267 4392 1413 4451 omnes
1433 4367 1598 4477 prorsus
1620 4368 1815 4479 perverso

395 4480 540 4569 'nescio
564 4508 653 4594 quo
677 4478 791 4568 fallu
811 4477 959 4564 duchon
987 4477 1250 4581 conjurasse,
1280 4506 1331 4563 ne
1348 4478 1489 4577 rudes,
1517 4476 1564 4563 dt
1593 4484 1813 4588 imperitos

405 4592 605 4679 docerent
617 4621 630 4697 3
643 4613 876 4705 propterea
894 4590 1305 4705 credo,quod.quae
1320 4590 1377 4676 de
1396 4589 1564 4694 syllabis
1584 4593 1831 4679 demetienn

399 4704 492 4800 dis,
520 4728 613 4814 anr
631 4706 685 4791 de
706 4704 868 4816 pedum
885 4705 995 4789 inter
1011 4702 1053 4789 se
1069 4706 1342 4816 cognatione,
1372 4706 1587 4801 amicitia,
1607 4706 1652 4789 &
1674 4708 1814 4790 inimi·

405 4816 537 4912 citio,
564 4835 694 4927 etque
721 4815 895 4917 ordine,
919 4816 1057 4926 deque
1082 4814 1432 4903 sublationis,ac
1455 4814 1688 4926 positionis,
1717 4843 1813 4927 quae

398 4926 446 5011 in
466 4925 549 5010 illis
569 4924 643 5023 fit,
668 4926 910 5015 diverfitate
927 4924 952 5013 'a
972 4928 1181 5030 metricis,
1196 4924 1492 5034 ncryhtmicis
1511 4927 1734 5024 dicuntur,
1752 4929 1824 5018 ‚.&.

394 5036 598 5139 eiusdem·
618 5064 748 5152 prope
779 5061 887 5124 notre
916 5067 997 5124 non
1017 5065 1176 5156 pauca,
1206 5067 1298 5151 quae
1328 5040 1529 5137 rudibus,
1560 5036 1814 5124 &discendi

390 5148 564 5269 cupidis
580 5150 638 5250 od
657 5149 861 5257 hujusrei
879 5153 1165 5266 cognitionem
1183 5148 1408 5262 necelloria
1421 5148 1547 5249 sunt,
1578 5146 1818 5246 humiliora,

469 5304 471 5309 ·
1667 5280 1753 5339 cre·
