4459 6750
470 915 530 990 ει
739 892 1461 1018 „QHORATIUS

393 1033 483 1116 sum
510 1029 652 1115 Poeta
672 1032 909 1140 explicata,
927 1050 1003 1113 aut
1022 1030 1165 1141 aliquo
1183 1030 1266 1113 alio
1284 1028 1411 1113 modo
1429 1024 1541 1111 male
1559 1024 1820 1134 interpres:-

392 1167 458 1236 ta,
486 1163 561 1224 aut
588 1168 661 1249 per
683 1141 980 1249 negligentiam·
1005 1142 1217 1249 praetetita
1244 1146 1403 1248 (neque
1433 1139 1544 1221 enim
1576 1160 1681 1219 eam
1702 1133 1812 1219 mibi

388 1252 566 1335 laudem
585 1250 745 1335 ascisco
761 1276 806 1333 ur
829 1253 871 1335 in
888 1248 1016 1350 hujus
1033 1248 1175 1335 Poeta
1204 1251 1308 1334 locis
1324 1273 1412 1333 tam
1432 1247 1620 1332 obscuris
1641 1243 1734 1345 ,ἂ
1758 1268 1812 1329 te·

386 1359 568 1444 nebrofis
597 1361 823 1473 aliquando
860 1389 939 1442 non
987 1358 1271 1459 ostenderim)
1327 1360 1370 1443 id
1400 1387 1424 1442 a
1472 1377 1675 1441 taxatore
1708 1358 1813 1463 peti·

385 1494 507 1568 rum,
546 1491 675 1578 atque
713 1476 994 1579 impetratum
1018 1471 1247 1569 volumus,
1270 1489 1321 1556 ut
1365 1495 1460 1579 quae
1492 1494 1563 1551 nos
1593 1484 1677 1549 aut
1697 1466 1809 1575 inge·

385 1583 445 1665 nii·
462 1579 782 1679 imbecillitate,
796 1602 870 1663 aut
882 1580 1258 1688 aliaquaviscausa
1270 1581 1380 1665 male
1396 1578 1693 1688 percepimus,
1715 1577 1803 1684 ipse

388 1689 446 1773 ad
465 1717 739 1777 communem
760 1692 958 1775 omnium
985 1688 1266 1777 studiosorum
1297 1691 1535 1773 utilitatem
1557 1685 1724 1773 arelius
1742 1689 1803 1771 di·

386 1820 489 1899 cat,
517 1822 648 1909 atque
682 1805 1017 1910 interpretetur,
1047 1798 1094 1883 ὅ(
1123 1802 1301 1896 omnia,
1330 1825 1423 1908 qozc
1453 1824 1526 1881 nos
1553 1793 1802 1907 scripsimus

237 1978 254 1991 .
384 1911 583 2019 (quando
600 1911 754 1999 conlilii
779 1911 903 1993 nostri
934 1908 1097 2018 semper
1126 1909 1281 2004 suerit,
1311 1906 1636 2015 rempublicam
1656 1908 1806 1993 litera·

382 2020 493 2103 riam
507 2017 657 2117 juvare
675 2031 700 2121 )
721 2026 762 2104 in
781 2022 1004 2104 meliorem
1029 2020 1208 2129 accipiat
1243 2039 1438 2125 partem,
1471 2019 1806 2128 memineritque

383 2126 519 2210 Poesrs
551 2155 750 2216 naturam
778 2129 999 2214 difficilem
1019 2135 1192 2210 omnino
1211 2128 1314 2224 elle,
1332 2131 1686 2237 enigmarumque
1719 2129 1801 2234 ple·

383 2262 485 2320 uam·
502 2287 518 2333 ‚
536 2260 583 2320 ut
611 2240 832 2346 fiqoando
856 2243 1063 2344 interpres
1089 2238 1406 2323 hallucineturt
1439 2239 1691 2323 mirandum
1720 2267 1797 2325 uon

384 2343 463 2436 else
484 2346 634 2430 doceat
659 2347 777 2432 Plato
793 2353 839 2431 in
863 2349 1081 2431 Alcibiade
1102 2350 1141 2430 in
1160 2348 1275 2429 libro
1298 2349 1350 2431 de
1369 2347 1489 2431 Voto
1507 2345 1566 2431 lic
1579 2350 1803 2458 iuquiens:

390 2483 531 2547 verum
541 2479 613 2563 per
631 2465 841 2569 aeniqmara
860 2456 903 2539 (r
919 2455 981 2568 iste
991 2511 1005 2556 ,
1016 2457 1059 2539 ss
1076 2462 1207 2540 caettri
1217 2457 1345 2566 ferme
1362 2466 1634 2545 omness’oerae
1647 2456 1806 2565 loquun-

381 2584 447 2647 tur
471 2594 490 2663 ;
520 2565 575 2676 est
585 2575 686 2652 enim
713 2566 792 2680 ipsa
808 2590 958 2651 natura
975 2566 1152 2676 universa
1176 2567 1287 2675 potſse
1314 2574 1560 2676 aenigmatum
1577 2569 1724 2675 plena,
1742 2597 1804 2653 nec

381 2680 598 2778 quivireanr
609 2679 811 2786 dignoscit,
823 2676 884 2759 ad
897 2677 997 2758 hanc
1015 2676 1115 2758 illim
1126 2699 1311 2759 naturam
1330 2677 1481 2762 accedit
1492 2678 1672 2790 ,quedfi
1686 2709 1804 2786 quan·

381 2784 429 2864 do
442 2783 528 2894 infit
547 2793 593 2867 in
608 2787 755 2870 bomine
771 2785 920 2881 invido,
937 2785 1291 2898 rosentesuasensa
1308 2794 1455 2873 ceteris
1466 2787 1680 2879 bominibus
1702 2821 1804 2879 reue·

384 2892 483 2989 lare,
498 2897 693 3008 mirumefl
711 2926 828 3001 quam
837 2894 986 3007 difficile
1003 2903 1153 3002 cognitu
1166 2896 1488 3004 sst,quodeoetae
1495 2895 1806 3021 senserit.1taq;

389 3001 614 3099 malevoli,
632 3008 680 3093 ὅ(
699 3003 1120 3112 hominesperversrii
1134 3005 1238 3091 mibi
1259 3015 1450 3093 maxime
1466 3011 1689 3108 videntur,
1711 3022 1806 3124 qui,

379 3135 522 3222 ,quum
543 3114 615 3222 ipsi
638 3117 752 3201 nulla
772 3137 961 3226 exparte
982 3113 1204 3201 scribendo
1220 3119 1410 3228 linguam
1420 3117 1806 3223 commitivam,

382 3222 529 3309 alienis
541 3228 886 3338 tantumsemper
905 3224 1521 3328 scribentium-laboribus,unn
1531 3229 1804 3340 secusquam

379 3337 559 3421 araneoli
580 3339 757 3438 muscis,
779 3337 960 3422 tendunt
982 3334 1340 3452 insidias‚eosque
1354 3342 1479 3430 variis
1496 3341 1723 3436 celumniis
1741 3343 1803 3432 la·

377 3443 569 3525 befacere
592 3471 786 3543 tentant,
806 3476 1094 3554 magnamque
1109 3453 1211 3532 inde·
1228 3452 1301 3534 sibi
1350 3453 1506 3540 loriam
1549 3476 1695 3542 artam
1719 3483 1796 3565 pu·

380 3551 545 3650 tant,..s1
569 3552 647 3658 ipse
666 3556 772 3636 nihil
792 3554 1032 3651 scribendo,
1049 3558 1184 3640 aliena
1207 3480 1429 3646 benesidla
1443 3482 1691 3652 masidiciis·
1708 3587 1797 3650 tan·

380 3681 476 3740 tum
499 3661 738 3745 lancinent.
772 3661 904 3774 Quod
932 3659 1025 3744 sane
1055 3668 1346 3773 maledicentis
1367 3700 1527 3781 genus,
1555 3701 1704 3787 quum
1720 3675 1793 3762 alii

381 3768 478 3871 sepe
499 3772 629 3851 multi
648 3774 731 3854 viri
749 3769 847 3855 sane
862 3771 963 3854 boni
982 3793 1077 3857 tam
1095 3778 1235 3883 priscis
1255 3840 1267 3879 ,
1295 3811 1426 3891 quam
1455 3784 1606 3872 nostris
1621 3804 1789 3899 tempo

379 3874 495 3957 ribus
517 3879 849 3992 haudquaquam
867 3885 1007 3964 vitare
1021 3894 1262 3995 potuerint,
1282 3896 1388 4003 quid
1408 3898 1590 3995 mirum,
1621 3897 1649 3984 si
1674 3902 1723 3986 id
1745 3897 1790 3988 &

249 4042 265 4071 .
377 4014 458 4096 ego
475 4017 551 4073 nec
580 3989 868 4098 superioribus·
881 3996 1150 4102 temporibus
1163 3998 1294 4113 effugi
1313 4062 1324 4099 ‚
1344 4033 1423 4088 nec
1437 4035 1546 4091 nunc
1567 4006 1792 4118 effugere?

371 4125 508 4209 neque
523 4104 639 4184 enim·
664 4131 744 4212 ego
763 4104 853 4186 sum
876 4103 1045 4186 Gallinae
1056 4105 1165 4217 filim
1180 4112 1277 4194 albae
1294 4173 1311 4196 t
1334 4113 1442 4199 Satis
1465 4117 1522 4200 est
1536 4177 1562 4216 .,.
1580 4147 1659 4206 me
1673 4125 1791 4206 omui

374 4208 536 4309 st'udio,
556 4238 685 4308 cura,
700 4213 902 4296 induslria
923 4270 935 4307 ‚
958 4215 1265 4331 diligentiaque
1289 4224 1522 4324 laborasse,
1548 4250 1601 4312 ut
1627 4232 1791 4320 ermilis

371 4319 586 4404 bonarum
601 4324 769 4407 nrtium
788 4323 970 4410 sludiofi's
980 4331 1348 4436 quamplurimum
1370 4336 1633 4443 prodessem·.·
1657 4339 1801 4453 Quod·

376 4425 582 4513 assecutus
603 4431 705 4527 sim,
727 4460 800 4514 nec
820 4462 892 4525 tre,
911 4436 957 4516 id
973 4440 1018 4517 in·
1032 4439 1218 4525 aliorum·
1236 4444 1401 4540 judicio
1415 4450 1568 4533 malim:
1583 4450 1676 4535 esse
1689 4453 1793 4564 posi·

374 4560 495 4633 tum,
513 4546 700 4648 quamin
717 4569 841 4626 meov
862 4543 1092 4646 Operum,
1111 4572 1161 4632 ut
1183 4553 1246 4636 his
1265 4558 1414 4642 omissis
1432 4560 1483 4642 ad
1496 4562 1792 4658 amedeum,

372 4647 627 4753 Ampliffimi
653 4652 993 4754 Patres‚ad·vos
1010 4654 1162 4757 affero,
1185 4665 1518 4774 vobisq·uedico·‚
1538 4669 1791 4774 labores-,dc

365 4756 509 4861 Opera
533 4789 649 4855 mea,
676 4765 717 4845 id
738 4791 761 4845 a
783 4764 906 4846 vobis·
922 4789 1086 4875 petens,
1106 4798 1240 4882 arque
1254 4780 1537 4878 contendens,
1558 4802 1609 4869 ut
1631 4813 1794 4871 munus·

364 4867 577 4964 nostrum,
604 4874 717 4978 quod
741 4873 862 4968 filiis,
882 4875 927 4955 ὃ(
951 4879 1117 4980 posteris
1147 4886 1297 4967 vestris
1322 4916 1405 4974 non
1432 4892 1792 4984 minusfruEIuo·

365 4978 635 5093 sum‚.quam
656 4982 1112 5081 jucundumfuturum
1129 4991 1532 5106 esle·speramus·,.ea
1548 5006 1686 5094 animi
1716 5011 1786 5093 be·

366 5096 575 5200 nignitate·
594 5100 816 5206 accipiatis
830 5156 848 5196 ,ἦ
873 5125 961 5207 qua
977 5128 1052 5181 noc
1078 5102 1199 5187 vobis.
1221 5107 1532 5221 inscripta-elle·
1553 5116 1793 5216 voluimus„

1579 5224 1736 5315 stmul-
