4459 6750
406 1110 408 1115 ¹
745 1018 812 1098 Ex
836 1016 895 1099 lib.
920 1042 958 1118 3.
985 1045 1017 1100 c.
1036 1039 1073 1124 3.

257 1116 410 1234 Neque
423 1118 537 1204 euim
555 1124 752 1207 audiendi
772 1124 975 1234 Sophistae
1000 1125 1205 1235 quidam,
1233 1149 1422 1233 quorum
1442 1128 1604 1236 opinio·

197 1233 240 1314 ⁴ni
270 1231 317 1316 dt
347 1231 503 1314 Paulus
522 1231 705 1316 Suardus
731 1232 938 1319 Brixiores
965 1291 981 1335 ,
1010 1236 1331 1319 Grammaticus
1357 1235 1516 1345 alioqui
1548 1242 1608 1320 in·

187 1342 317 1449 sgnis
345 1339 540 1442 accessit,
568 1340 617 1426 ὅ(
647 1342 854 1439 Antonius
873 1343 1146 1428 Nebrilseufis
1176 1342 1341 1429 summa
1370 1351 1602 1453 pertinacia

199 1454 522 1549 contendentes,
551 1449 714 1535 infinita
730 1449 805 1532 illa
825 1454 963 1534 uerbis
992 1450 1205 1559 supposta
1223 1452 1300 1535 else
1319 1458 1513 1555 nomina,
1535 1457 1602 1539 vel

192 1567 303 1670 quia
326 1560 428 1643 nihil
451 1559 700 1659 subjiciatur
720 1556 880 1659 verbis,
910 1562 1024 1667 quod
1044 1562 1161 1643 idem
1180 1589 1260 1642 non
1278 1560 1327 1644 srt
1351 1566 1599 1666 nomen,vel

198 1673 302 1779 quia
323 1671 435 1754 idem
456 1668 706 1778 significant,
736 1670 849 1778 quod
869 1668 941 1751 sua
962 1669 1150 1778 ipsorum
1171 1672 1365 1753 nomina.
1405 1672 1600 1785 Propter-

198 1805 332 1889 caque
352 1779 465 1876 fieri,
495 1779 648 1888 quibus
667 1779 805 1860 verbis
828 1778 993 1861 infinita
1011 1779 1334 1889 supponantur,
1362 1808 1411 1864 ea
1433 1787 1602 1868 omnino

198 1888 556 2000 else-personalia·
587 1887 794 2000 Qiorunr
807 1889 982 1998 quidem
1000 1887 1195 1999 pestifera
1212 1943 1229 1989 ,
1247 1914 1377 1998 atque
1396 1894 1601 2001 importu-

198 2025 250 2081 na
282 2002 553 2108 pervicacia,
590 2000 790 2107 quoniam
827 1999 980 2109 longe,
1003 1999 1179 2111 lateque
1206 2001 1367 2108 serpit,
1398 1999 1445 2084 &
1471 2003 1601 2085 multi

198 2137 350 2191 eorum
379 2107 501 2197 suasu
528 2107 890 2218 inextricabilibus
917 2109 1129 2193 erroribus
1156 2111 1457 2211 involvuntur,
1486 2109 1604 2194 haud

197 2221 312 2302 ultra
341 2218 458 2300 nobis
485 2214 578 2301 fuit·
600 2217 944 2327 propellendum,
970 2222 1071 2329 quin
1102 2221 1242 2305 statim
1271 2247 1418 2305 eorum
1446 2218 1600 2305 falsam

197 2331 437 2437 opinionem
467 2329 798 2437 diminueremus
818 2390 827 2407 .
875 2328 1086 2440 Principio
1105 2332 1400 2415 Grammatico
1412 2388 1426 2432 ,
1445 2352 1604 2442 utpote

195 2436 549 2521 mansuetioribus
566 2436 698 2520 Mufis
716 2458 980 2544 nuncupata,
999 2467 1080 2524 non
1099 2440 1157 2522 est
1176 2441 1429 2548 disputando
1446 2447 1521 2540 (ut
1542 2443 1603 2523 di·

197 2553 345 2645 citur)
358 2549 412 2631 ad
433 2552 580 2631 vivum
598 2547 820 2632 resecanda
840 2579 852 2650 3
883 2575 1017 2660 neque
1036 2551 1143 2635 adeo
1161 2549 1328 2634 adeam
1349 2548 1599 2632 subtilitatis

196 2659 387 2768 regu-lam
409 2659 668 2756 revocanda,
688 2659 744 2742 ad
793 2685 891 2744 uam
912 2660 1100 2769 hispida,
1120 2681 1249 2773 atque
1269 2659 1442 2744 horrida
1452 2659 1602 2742 ¹Diale·

195 2768 302 2852 elica
325 2767 453 2864 solet,
483 2768 554 2851 sed
572 2767 761 2852 crassiore
825 2772 966 2852 iuerva
985 2777 1060 2870 (ut
1081 2771 1229 2872 ajunt)
1246 2769 1493 2881 explicanda
1514 2768 1594 2851 est..

198 2880 408 2962 Praeterea
427 2877 686 2962 Dialediicus
705 2937 722 2978 ,
747 2877 794 2962 &
815 2878 1157 2980 Grammaticus,
1182 2881 1307 2979 juxta
1327 2879 1599 2962 Muscorum.

196 2988 470 3100 proverbium
496 2991 554 3082 dl,
578 2990 644 3069 alul
666 2997 814 3090 πασῶν,
844 2991 953 3074 inter
980 2987 1023 3072 se
1049 2994 1233 3076 materia
1248 3047 1261 3089 ,
1292 2989 1592 3098 propositoque

192 3099 405 3195 dillantes,
435 3124 568 3182 nonne
585 3121 767 3205 uterque
785 3125 861 3206 pro
880 3099 967 3181 suis
980 3103 1195 3210 principiis
1214 3099 1468 3206 profitetur?
1488 3095 1597 3183 Grt·

195 3210 355 3292 marica
376 3207 505 3315 igitur
526 3234 625 3292 cum
643 3205 922 3306 austeritate,
951 3207 1112 3318 usuque
1132 3208 1391 3318 potissimum
1414 3207 1599 3304 constet,

194 3339 326 3429 atque
344 3321 450 3400 adeo
471 3313 725 3426 significandi
742 3317 969 3425 qualitates
986 3321 1028 3400 in
1046 3320 1192 3427 primis
1210 3315 1604 3423 consideret,inque

195 3458 248 3512 eo
269 3427 482 3531 versetur,
503 3428 613 3507 utin
633 3450 787 3537 campo
809 3422 882 3505 fibi
901 3423 1111 3537 subjedio,
1131 3422 1236 3507 nibil
1258 3424 1338 3524 est,
1356 3425 1470 3533 quod
1492 3422 1601 3504 scru'·

193 3537 390 3647 pulosam
408 3536 463 3619 ad
481 3534 608 3618 illam
626 3531 884 3617 Diarettices
899 3559 1045 3615 curam
1056 3591 1070 3631 ,
1087 3535 1163 3620 suo
1181 3534 1368 3644 quodam
1385 3533 1598 3633 jureduas

191 3646 410 3733 Orationis
425 3662 587 3755 partes,
616 3668 769 3751 nempe
787 3668 963 3740 nomen,
982 3642 1028 3726 dt
1047 3641 1254 3744 verbum,
1285 3664 1457 3728 tantum
1476 3668 1600 3752 agno·

189 3757 587 3867 scentis,exigatur.
608 3750 867 3867 Quanquam
887 3750 954 3835 isli
969 3757 1065 3856 (cur
1081 3754 1194 3837 enim
1226 3753 1297 3838 vel·
1312 3751 1385 3862 ipsi
1405 3781 1487 3838 non
1509 3780 1599 3836 mo·

188 3873 282 3954 dice
311 3896 338 3951 a
356 3867 474 3950 nobis
495 3863 850 3965 ratiocinemur?)
876 3862 953 3973 qui·
976 3862 1083 3946 mibi
1108 3862 1360 3947 obtinebunt
1378 3884 1452 3963 ,ut
1480 3862 1597 3971 quod

193 4002 346 4062 natura
366 3972 658 4087 abnegaverit,
686 3971 729 4054 id
748 3971 840 4056 ulla·
855 3973 1023 4055 ratione·
1046 3973 1114 4053 vel
1135 3974 1318 4053 numeris
1337 4025 1350 4067 ,
1370 3971 1438 4050 vel
1461 3971 1597 4076 perso·

193 4095 254 4172 nis
274 4086 515 4200 insignitum
534 4083 741 4169 reddant?
769 4079 888 4167 Nam
910 4080 938 4163 fi
958 4108 1012 4162 eo
1033 4078 1125 4189 ipso
1144 4078 1260 4188 quod
1278 4072 1594 4187 supponantur,

190 4202 360 4284 nomina
379 4196 549 4297 fierent,
580 4192 679 4277 esset
697 4188 867 4278 fortasse
914 4188 1001 4272 uod
1017 4193 1075 4272 eis
1094 4187 1410 4298 assentiremur.
1431 4185 1596 4270 V'erum

189 4340 291 4396 cum
310 4311 489 4393 nominis
509 4328 648 4419 partes
669 4304 746 4410 sup
807 4218 941 4383 nendo
960 4301 1024 4383 ita·
1039 4320 1210 4409 gerant,
1239 4318 1288 4383 ut
1309 4296 1426 4381 verbi
1446 4318 1592 4382 tamen

188 4420 315 4531 ipsius
336 4419 491 4505 infiniti
513 4420 695 4527 rigorem
713 4412 753 4493 ni
788 4410 817 4493 il
836 4410 1006 4493 omnino
1022 4409 1239 4517 relaxent,
1267 4407 1591 4521 quidest,quod

185 4530 342 4617 frustra
359 4531 610 4617 laboremus
632 4525 674 4606 in
691 4520 990 4637 extorquendis
1016 4519 1260 4622 hujusmodi
1291 4517 1364 4603 vel
1384 4520 1590 4667 numeris?

190 4643 259 4726 vel
281 4642 490 4753 personis?

260 4791 436 4884 Durius
457 4784 618 4885 adbuc·
636 4791 875 4881 Saturnius
896 4772 1177 4882 Priscianum
1200 4772 1366 4877 refellit
1388 4812 1483 4916 cap.
1517 4811 1598 4888 11„⁹

179 4927 380 5031 eandem
405 4918 780 5063 impersonalium
802 4917 1073 5062 prosequens
1097 4924 1455 5021 uastationemr.

1463 5184 1531 5270 Ere
