4459 6750
472 977 566 1070 268
854 952 1351 1062 POETICA·
1490 1016 1552 1073 ‚-

398 1119 443 1203 &
480 1107 685 1206 maxime
722 1093 826 1196 utili
863 1093 1171 1239 Agriculturae
1207 1087 1444 1230 disciplina
1481 1088 1719 1187 Brixianos
1754 1123 1810 1183 ea

401 1250 539 1342 etiam
566 1241 623 1338 de
649 1234 778 1361 causa
805 1272 1085 1375 magnopere
1120 1242 1309 1336 meritos
1340 1223 1472 1328 fuisse
1490 1243 1507 1348 ',
1538 1225 1666 1464 puod
1687 1232 1811 1325 Petri

400 1365 643 1479 Crescentii
668 1385 970 1489 Tradiatum,
998 1374 1111 1469 adeo
1134 1369 1296 1505 multis
1319 1403 1544 1508 typograp
1561 1371 1664 1462 ricis
1681 1399 1811 1462 men-

401 1521 474 1618 dis
497 1525 713 1618 vitiatum
727 1588 741 1632 ,
778 1548 832 1612 ut
854 1518 931 1610 vix
959 1507 1051 1644 iegi
1079 1507 1248 1647 posset,
1273 1519 1444 1606 Comes
1464 1511 1530 1625 J0.
1548 1498 1813 1604 Franciscus

313 1668 317 1673 ’
402 1653 637 1756 Gambara
660 1703 681 1772 ‚¹
711 1652 871 1751 studiis
899 1643 1122 1746 omnibus
1148 1646 1386 1748 literarum
1407 1721 1424 1765 ‚
1447 1685 1498 1745 ac
1557 1644 1721 1744 roinde
1745 1649 1811 1742 Α·-

403 1791 664 1934 griculturae
700 1800 840 1889 etiarn
878 1783 1211 1892 addidiffrmus
1234 1861 1248 1905 ‚
1275 1783 1459 1886 summa
1482 1683 1729 1920 diiigentia
1756 1793 1809 1882 in

400 1945 498 2032 otio
520 1942 639 2042 Prati
660 1928 851 2029 Alboini
874 1934 1220 2068 expurgaverit,
1258 1960 1311 2025 ut
1337 1922 1478 2024 fidem
1506 1920 1615 2021 facit
1639 1928 1811 2059 Augu-

279 2132 282 2139 ·
408 2073 555 2170 stinus
578 2068 743 2177 Gallus.
781 2078 832 2176 in
860 2066 940 2168 lib.
975 2064 1049 2173 seu
1082 2069 1158 2168 die
1189 2107 1259 2183 19.
1308 2073 1486 2164 Praeivit
1504 2071 1665 2201 itaque
1693 2138 1708 2182 ‚
1733 2097 1815 2163 aut

403 2205 563 2308 saltem
585 2219 808 2307 comitem
845 2210 886 2305 [e
914 2209 1096 2308 addidit
1126 2211 1194 2324 Jo.
1218 2200 1471 2309 Franciscus
1497 2204 1649 2304 noster
1674 2213 1813 2302 Fran«

401 2344 518 2445 cisto
536 2344 810 2465 Sansouirm,
866 2357 915 2444 ui
940 2387 994 2444 eo
1016 2342 1114 2481 ipso
1136 2382 1341 2484 tempore
1365 2352 1417 2444 in
1447 2344 1610 2443 eadem
1638 2364 1808 2482 expur-

401 2492 589 2623 gatione
614 2523 803 2621 operam,
827 2386 956 2587 paam
979 2482 1250 2602 collocavit,
1276 2481 1477 2631 quibuS,
1514 2478 1709 2626 aliisque
1736 2521 1813 2580 co-

403 2625 617 2722 ronidem
643 2621 864 2763 imposuit
885 2622 1174 2730 Sebastianus
1195 2624 1252 2723 de
1274 2620 1481 2740 Rubeis,
1500 2623 1821 2726 Academicus

405 2760 727 2879 Florentinus,
766 2804 886 2864 noua
913 2765 1031 2866 edita
1058 2760 1263 2887 ejusdem
1291 2771 1456 2900 Operis
1482 2762 1813 2862 emendatione

404 2897 638 3006 Florentiae
660 2942 732 2998 an.
757 2930 900 3022 1605·
928 2912 1048 3045 typis
1073 2901 1251 3001 Cosrmi
1273 2907 1449 3018 Junaae.

476 3037 553 3135 Ad
573 3035 831 3135 Saloensem
861 3041 1071 3135 nostrum
1101 3050 1288 3137 Poetam
1316 3038 1496 3142 rediens
1521 3114 1543 3157 „
1572 3052 1702 3165 quus
1745 3080 1815 3140 oc-

402 3174 581 3279 casione
611 3176 667 3275 de
694 3178 950 3313 Augustini
977 3173 1102 3275 Galli
1128 3177 1425 3316 Agricultura
1458 3172 1724 3282 sermonem
1750 3177 1813 3280 fe⁴

406 3325 473 3435 ci,
501 3351 697 3436 moneo,
723 3312 943 3452 scripturn
971 3314 1028 3415 ab
1049 3358 1104 3417 eo
1132 3314 1262 3421 fuiffe
1283 3328 1452 3421 Poema
1478 3317 1631 3439 aliud,
1658 3329 1736 3419 cui
1765 3328 1815 3420 ti

407 3454 560 3571 tulus,
577 3459 789 3567 Hercules
802 3456 1080 3587 Beuucrnsts,
1103 3462 1324 3597 quodque
1346 3453 1594 3586 Brixienses
1610 3469 1815 3562 Vincen-

412 3604 464 3702 rifii
482 3592 606 3689 Sabii
628 3605 730 3725 typi,
755 3635 826 3696 an.
851 3633 992 3710 1=57·5.
1021 3593 1343 3727 pubiicaruntr
1369 3598 1427 3691 ad
1452 3596 1623 3694 cal-cem
1652 3634 1811 3700 autem

418 3738 652 3849 Poematis.
670 3731 725 3821 de
753 3738 1015 3834 Hortorum
1043 3726 1230 3839 cultura,
1259 3731 1463 3840 eundem
1490 3733 1719 3873 Eclogam
1740 3737 1814 3859 ‚dc

413 3859 842 3998 Hendecasyiiabon
869 3865 1089 3989 adjecisse.
1794 3955 1797 3960 -

478 4010 606 4099 X‘IX.
655 4012 922 4105 Laurentius
948 4007 1215 4129 Cambete,
1250 4012 1311 4111 de
1335 4049 1439 4152 quo·
1468 4019 1614 4117 modo
1651 4018 1823 4119 dicen-¹
1857 4113 1860 4118 a

409 4142 568 4257 dum,
605 4150 842 4251 Brixianus
880 4143 958 4246 ille
988 4151 1053 4249 est
1082 4162 1219 4253 Vates
1231 4226 1245 4269 ,
1273 4190 1424 4290 ‘quem
1455 4165 1684 4256 Poeticam
1716 4193 1818 4260 rem

409 4277 605 4417 aggredi
631 4284 942 4384 indicavimus
978 4329 1003 4385 a
1046 4296 1115 4387 M.
1154 4295 1365 4392 Antonio
1408 4303 1596 4397 Mureto
1643 4292 1709 4395 sat
1751 4336 1819 4400 ce-

410 4417 527 4517 lebri·
552 4496 567 4537 ,
593 4461 737 4560 eoque
771 4419 949 4526 sordido
985 4431 1179 4528 didierio
1212 4434 1506 4569 per-stridum
1543 4431 1818 4576 perhiberi.

408 4564 530 4656 Tam
562 4572 694 4695 gravi
729 4573 907 4690 injuriat
940 4566 1238 4687 refellendae,
1274 4574 1537 4712 ecquisnam
1578 4584 1662 4673 erit
1680 4650 1697 4693 ‚
1736 4580 1819 4715 qui

411 4690 514 4793 fatis
545 4698 627 4793 effe
663 4742 761 4809 non
797 4742 923 4841 putet
959 4704 1087 4803 Pauli
1111 4714 1355 4830 Memmii,
1393 4752 1501 4813 eum
1540 4710 1694 4850 ipsum
1720 4728 1814 4819 Va·

413 4870 507 4933 tem
542 4842 722 4933 eximiis
755 4854 1301 4975 praeconiis·exornarui3‚
1339 4860 1708 4954 audioritatem?
1747 4867 1815 4955 En

413 4972 552 5098 hujus
581 4972 716 5075 verba
744 4986 793 5074 in
821 4983 1019 5114 Epistola
1046 4986 1100 5081 ad
1126 4984 1277 5123 ipsum
1301 4999 1601 5092 [aurenrium
1633 4998 1811 5132 Episto-

415 5109 492 5219 iar.
515 5113 598 5224 ib..
619 5162 664 5229 4.
701 5114 1013 5232 Patavii-dum
1037 5160 1145 5232 trus·
1159 5201 1176 5250 ,¹
1196 5128 1382 5233 habebas·
1406 5141 1456 5233 iu
1480 5137 1676 5238 manibus
1706 5173 1819 5269 egre-

921 5301 928 5316 ·
1622 5286 1759 5411 giam
