4459 6750
855 856 1377 963 PLACCUX
1685 881 1746 980 ὴ

400 1016 452 1073 ac
480 987 652 1100 perinde¹
677 1009 727 1074 ut
749 988 989 1094 Satyrieurn
1021 997 1249 1092 mordere,
1278 992 1562 1107 irridereque,
1592 994 1815 1088 Pisonibus

404 1103 533 1183 etiam
559 1101 775 1185 consulere
793 1106 1101 1201 animadverti,
1129 1131 1314 1216 quorum
1331 1124 1476 1188 tamen
1493 1106 1687 1194 omnium
1717 1138 1813 1222 pars

405 1211 500 1325 illa,
529 1236 624 1321 quae
642 1212 700 1294 est
719 1211 772 1296 de
801 1213 962 1323 legibus
981 1214 1140 1311 Poefis,
1169 1243 1296 1327 aqua
1315 1214 1414 1300 libri
1444 1215 1569 1314 hujus
1600 1217 1820 1335 inscriptio

404 1319 631 1432 desumpta
650 1319 706 1437 est
717 1380 731 1421 ,
760 1348 926 1408 necnon
946 1321 993 1407 δε
1014 1349 1086 1423 ca,
1106 1326 1271 1434 quae'de
1292 1321 1409 1408 Poefi
1426 1325 1488 1408 'est
1500 1384 1512 1423 ,
1531 1328 1724 1414 omniurn
1748 1359 1822 1441 po.

405 1430 590 1532 tilhmae,
619 1460 668 1517 ac
689 1435 835 1543 primae
853 1433 981 1535 sunt;
1009 1436 1297 1520 caeteraenim
1314 1434 1574 1544 digressiones
1600 1436 1740 1537 jure'o
1774 1442 1826 1524 ti·-

403 1569 481 1636 mo,
509 1546 656 1642 vocari·
670 1542 782 1653 posse
798 1544 1079 1629 arbitramur.
1111 1541 1332 1657 Qroniam
1353 1567 1456 1629 vero
1476 1567 1616 1657 partes
1638 1468 1827 1632 itlae‘rluae

406 1653 540 1736 libelli
569 1652 728 1755 hujus,
757 1679 860 1764 quas
889 1658 1118 1779 praecipuas
1147 1653 1236 1759 esse,x
1256 1657 1478 1755 diximus,
1517 1677 1620 1740 totae
1650 1655 1738 1740 fere
1769 1658 1826 1746 ad

407 1762 599 1877 Poetices
620 1765 858 1850 Aristotelis
877 1766 1162 1850 imitationem
1187 1764 1435 1876 conscriptae
1451 1767 1568 1850 sunt:
1599 1793 1682 1850 non
1700 1767 1829 1852 inuti·

406 1876 449 1959 l'e
468 1872 665 1960 futurum
684 1874 946 1976 existimavi,
977 1874 1005 1957 fi
1027 1875 1324 1987 postquam'ea
1343 1929 1359 1979 2
1376 1901 1470 1985 quae
1497 1877 1552 1960 ad
1585 1876 1829 1981 Aristotelis¹

409 1987 631 2071 Poeticam
658 1985 926 2085 attinebant,
957 1987 1264 2094 explicavimus
1283 1999 1326 2088 ·(·
1344 1986 1462 2086 cujus
1499 1988 1662 2070 ratione
1691 1989 1828 2070 omnir

361 2100 366 2108 ’
410 2096 520 2193 mihi
540 2093 680 2191 fuerat
700 2093 915 2202 susceptus
932 2094 1078 2192 labor)
1105 2123 1199 2208 quae
1226 2096 1296 2197 bic
1314 2096 1369 2181 ab
1390 2096 1577 2182 Horatio
1599 2095 1829 2195 habentur,

406 2204 453 2289 in
478 2202 742 2301 Aristotele,
772 2205 891 2289 velut
922 2207 964 2287 in
995 2202 1113 2288 fonte
1142 2206 1511 2308 demonstrarem,
1539 2231 1673 2316 aquo
1702 2207 1828 2288 velut

404 2311 622 2413 rivulum,
653 2312 811 2396 librum
830 2314 942 2397 hunc
960 2313 1141 2399 deduxit
1161 2299 1348 2420 .‚'Nam,
1378 2339 1426 2402 ut
1447 2317 1681 2418 omittam,
1696 2312 1829 2414 satiut
1920 2356 1923 2363 ·
1949 2360 1952 2364 ·

405 2418 572 2536 semper
591 2420 673 2506 'esse
689 2421 826 2507 fontes
850 2427 1013 2534 potius,
1042 2451 1174 2535 quam
1195 2429 1351 2510 rivulos
1371 2427 1545 2527 sedlari,
1573 2425 1683 2508 illud
1706 2444 1826 2508 certe

408 2539 549 2644 negari
565 2530 661 2615 'non
678 2534 832 2641 potest,
864 2535 1029 2619 nullum
1047 2533 1127 2618 esse
1137 2593 1150 2635 ,
1163 2562 1237 2618 nec
1261 2534 1426 2622 fidelius
1446 2595 1459 2635 ,
1489 2560 1563 2619 nec
1584 2533 1825 2639 evidentius

406 2646 781 2744 Commentarium
800 2701 831 2742 ,ff
884 2673 982 2733 uam
1014 2644 1216 2729 Virorum
1246 2644 1476 2730 illustrium
1508 2643 1667 2746 eadem·
1692 2642 1746 2723 de
1780 2667 1829 2739 re

403 2755 691 2857 disserentium
721 2753 813 2836 loca
903 2754 916 2834 i
945 2755 1127 2838 invicem
1155 2755 1446 2867 respondentia
1474 2781 1556 2841 una
1586 2748 1827 2852 conferre,

403 2865 519 2978 quod
540 2860 957 2972 exconsequentibus
977 2863 1094 2948 sensu
1114 2861 1709 2975 magistrocomprobabitur.
1724 2861 1823 2945 Erit

406 2980 418 3061 i
450 2973 541 3058 ir'nr'
557 2973 682 3074 hujus
701 2972 994 3084 nostri'scripti
1013 2975 1281 3075 institutum,
1310 2974 1550 3071 occultam,
1571 2990 1702 3084 atque
1720 2975 1825 3054 arti·

406 3005 594 3185 ligeiosam
613 3084 721 3169 hanc
741 3083 914 3168 Horatii
937 3085 1222 3176 imitationem
1241 3084 1506 3196 patefacere.
1547 3081 1698 3210 Quod
1713 3106 1822 3165 vero

404 3198 461 3280 ad
480 3196 708 3277 verborum
726 3193 1032 3296 expositionem
1052 3196 1232 3289 attinet,
1257 3195 1362 3276 uiris
1377 3193 1471 3276 aliis
1486 3193 1658 3298 probrs,
1677 3189 1724 3274 δι
1747 3192 1822 3273 do·

405 3306 485 3406 dlis
501 3303 932 3410 eamrelinquemum
961 3299 1061 3382 satis
1080 3300 1159 3381 elle
1179 3303 1268 3381 viro
1290 3298 1554 3407 Philosopho
1579 3298 1834 3387 existiman·-

405 3403 493 3510 te's',
523 3409 665 3520 sr'q'u'ae'
693 3409 792 3491 hnic
811 3406 953 3489 nostro
973 3435 1072 3489 cum
1096 3406 1328 3491 Aristotele
1346 3405 1591 3512 com-munia
1612 3399 1732 3504 sunt,
1751 3432 1823 3488 ex.

405 3523 644 3638 plicentur3
674 3517 784 3600 unde
811 3515 862 3618 ἀ
882 3513 1019 3598 sensus
1038 3514 1166 3597 multi
1186 3514 1241 3597 ab
1259 3516 1350 3596 aliis
1369 3512 1669 3622 interpretibus
1689 3513 1825 3598 dive'n

406 3635 437 3719 sr
457 3628 750 3744 apparebunt.
784 3624 865 3711 Ad'
882 3623 1146 3736 propositum
1165 3626 1296 3734 igitur
1323 3624 1541 3733 negotium
1562 3620 1716 3734 noster·
1726 3622 1820 3737 jam

406 3746 866 3835 fermoconvcrtatur.
1636 3791 1643 3803 .
1721 3793 1728 3810 .

475 3912 546 4003 'At
561 3905 623 4001 de
655 3906 902 4002 Vincentio
927 3897 1092 3998 Madio
1116 3894 1259 4013 alibiz,
1295 3931 1446 4032 quum
1470 3895 1528 3991 de
1554 3907 1650 4013 ejus
1675 3904 1818 3992 Inter*

414 4051 668 4185 vpretatione
699 4047 750 4136 in
778 4045 1006 4138 Poeticam
1033 4031 1292 4136 Aristotelis
1327 4066 1512 4168 agetur:
1550 4025 1711 4128 sufficit
1732 4028 1821 4150 *hic

410 4220 569 4284 notare
585 4257 599 4300 ,
636 4212 747 4277 eum
778 4172 992 4314 appellari
1026 4214 1052 4272 a
1084 4172 1253 4274 Carolo
1288 4179 1478 4306 Sigonio
1515 4161 1818 4302 Philosophia:

410 4319 572 4426 ltalicae
600 4328 805 4436 Lumen,
841 4320 977 4453 atque
1007 4320 1230 4453 omniurn
1257 4318 1486 4441 virtutum
1523 4300 1849 4443 exemplum
