4459 6750
842 947 1414 1056 SYNOPSIS.
1521 1046 1524 1051 ,
1649 978 1748 1072 ¹169

417 1085 651 1198 publicatam
666 1080 877 1172 emendae.
916 1090 1058 1172 Eidem
1085 1085 1277 1190 quoddam
1302 1087 1469 1167 Carmen
1491 1095 1698 1193 proponit,
1727 1092 1830 1196 quod

423 1203 615 1297 recitatur
639 1257 649 1276 .
677 1196 860 1304 Raphael
873 1205 1014 1305 Regius
1031 1204 1071 1277 in
1090 1192 1369 1298 calphurnium
1386 1192 1584 1298 inuehitur
1602 1204 1643 1279 in
1665 1193 1740 1305 suis
1770 1199 1827 1287 ad

420 1306 740 1419 Metamorphoses
772 1305 1111 1400 enarrationibus,
1139 1331 1234 1407 quas
1257 1301 1437 1409 Raphael
1450 1309 1489 1385 in
1503 1311 1643 1412 cgniter
1659 1311 1823 1409 jallat.

420 1415 605 1533 Affertur
635 1422 772 1501 Oratio
797 1415 1008 1527 judiciaria
1035 1413 1142 1524 ipstus
1170 1411 1379 1518 Raphaelis
1411 1411 1472 1495 ad
1505 1420 1663 1503 Venetos
1692 1421 1825 1506 Aduo·

418 1549 569 1611 catores
578 1587 590 1627 ‚
619 1532 760 1612 necnon
777 1531 855 1634 Epi
882 1527 944 1613 ola
960 1528 1019 1611 ad
1033 1521 1282 1607 Hermolaum
1301 1522 1543 1625 Barbarum,
1566 1531 1628 1608 cui
1642 1529 1827 1640 Disputa·

420 1642 560 1721 tionem
578 1660 775 1744 nuncupat
802 1662 828 1719 a
859 1636 985 1751 versus
1003 1631 1165 1722 eundem
1182 1631 1462 1737 Calphurnium
1488 1634 1690 1719 habitam.
1718 1640 1827 1759 Affe.

424 1767 566 1830 runtur
583 1747 695 1845 hujus
713 1745 996 1862 Disputationis
1013 1802 1026 1845 ,
1044 1752 1137 1829 item
1153 1740 1349 1853 cujusdam
1369 1745 1528 1852 Dialogi
1546 1746 1800 1854 Praefationes
1810 1810 1824 1853 ,

410 1854 482 1966 seu
499 1861 616 1939 initia
624 1886 643 1954 ,·
671 1884 719 1939 ac
744 1857 903 1953 tandem
922 1854 1089 1969 Epistola
1104 1852 1164 1936 ad
1177 1850 1453 1962 sigismundum
1471 1857 1695 1963 Ungarum.
1724 1867 1821 1945 Haec

418 1971 547 2048 omnia
565 1995 611 2049 ex
629 1967 924 2053 libelloVenetiis
943 1962 1385 2071 anuo1490euulgato.
1406 1961 1823 2075 DefenstoCalplrurnii

416 2074 869 2159 exPraeleliioneMurini
881 2073 1089 2162 Beeicbemi
1106 2079 1147 2157 in
1160 2072 1327 2168 Plinium
1338 2072 1565 2180 .Raphaelis
1580 2081 1620 2159 in
1632 2082 1820 2163 Senatum

418 2186 650 2268 Brinianum
666 2184 867 2295 insolentia
882 2214 928 2271 en
943 2184 1079 2270 eadem
1097 2183 1373 2267 Praelellioue.
1402 2184 1563 2271 Viliorit
1574 2185 1708 2300 Fausti
1731 2195 1822 2294 Epi·

407 2293 507 2408 stola
534 2292 584 2378 de
612 2299 657 2377 iis
677 2297 815 2404 jurgiis
841 2294 904 2380 ad
930 2299 1127 2381 Marinum
1157 2289 1444 2379 Beeicbemum.
1485 2295 1727 2381 Beeicbemus
1744 2306 1820 2384 He·

418 2402 547 2489 roidas
566 2405 702 2499 Ouidii
715 2406 941 2521 illustravit.
973 2401 1188 2513 Profitetur
1206 2405 1368 2492 multum
1376 2405 1421 2516 se
1447 2402 1822 2518 dehereChrijlopho·
1967 2452 1979 2462 ·

419 2544 461 2598 ro
481 2518 700 2618 Remigio,
728 2517 772 2601 (t
788 2518 935 2618 Joanut
951 2513 1213 2622 calphurnio.
1245 2513 1426 2630 Affertur
1456 2509 1609 2595 Marini
1629 2515 1821 2626 Prasatio

417 2621 478 2706 ad
490 2651 555 2705 eas
573 2633 856 2720 annotationes.
880 2632 986 2722 ¹Item
1002 2627 1081 2726 ejus
1098 2621 1264 2735 Epistola
1291 2623 1352 2707 ad
1366 2619 1584 2728 Philippum
1604 2625 1821 2737 Foscarum.

413 2740 570 2817 Gratus
590 2741 744 2831 Marini
760 2744 908 2823 animus
925 2765 1020 2846 erga
1038 2738 1309 2841 Hieronymum
1330 2740 1558 2835 Donatums
1589 2765 1616 2815 a
1642 2765 1712 2839 quo
1733 2742 1822 2818 Bri·

417 2848 544 2927 triane
565 2847 746 2959 Ecclessae
772 2847 1055 2941 Canonic'arum
1078 2847 1157 2945 eius
1178 2841 1283 2956 filius
1308 2841 1523 2952 consecutus
1540 2841 1713 2952 fuerat.
1756 2852 1823 2953 De

415 2954 689 3040 Bartholomaei
707 2960 874 3043 Merula
891 2964 932 3042 in
951 2957 1135 3043 Ovidium
1144 2958 1450 3040 Commentariis.
1486 2957 1551 3035 De
1562 2957 1721 3036 Lutatii
1730 2949 1822 3036 Pla·

414 3065 495 3145 cidi
509 3070 551 3145 in
570 3068 787 3152 Ouidianas
797 3069 966 3179 fabulas
977 3071 1226 3175 Argumentis
1244 3121 1258 3165 ,
1278 3065 1320 3150 h·
1339 3063 1389 3147 de
1407 3059 1609 3173 Allegoriis
1629 3068 1680 3149 F.
1699 3066 1821 3145 Lavi·

415 3178 472 3254 nii
489 3177 728 3283 Lingonensts
757 3185 797 3259 in
815 3176 982 3288 easdem.
1173 3238 1175 3243 -

801 3377 1368 3500 ‚suctuve

468 3622 535 3698 De
544 3616 704 3696 lucano
721 3610 915 3722 infigniter
940 3615 1091 3698 meruit·
1103 3610 1590 3701 OuenihouusLeonicenus.
1610 3622 1821 3702 Recitatur

411 3723 589 3822 inhujus
616 3720 771 3805 laudem
798 3720 1079 3835 dodecajiicon.
1120 3723 1219 3819 Ejus
1246 3725 1533 3806 commentaria
1550 3727 1720 3824 Joannes
1740 3734 1821 3811 Ta·

410 3834 532 3918 hrrius
553 3838 761 3917 Brixianur
778 3838 1027 3942 expurgavit.
1053 3828 1242 3914 Taberius
1258 3830 1455 3920 laudatur
1473 3865 1500 3917 a
1519 3836 1693 3946 Baptista
1705 3843 1822 3928 Man·

413 3965 535 4026 tuano
554 3948 595 4023 in
613 3944 880 4051 Panegyrico,
906 3944 1011 4042 eujus
1031 3943 1178 4046 primi,
1197 3938 1239 4026 hl
1257 3943 1386 4027 ultimi
1412 3943 1539 4054 uersus
1568 3951 1785 4034 recitantur
1807 4004 1818 4029 .

415 4050 599 4168 Affertur
626 4051 786 4141 Taheeii
802 4050 967 4166 Epistola
983 4056 1282 4157 Nuncsepatoria
1305 4052 1371 4145 ¹ad
1392 4057 1430 4132 F
1431 4051 1641 4159 ranciscum
1670 4055 1819 4137 Barba·

410 4190 496 4245 rum
516 4166 724 4261 juniorem.
755 4158 938 4281 Affertur
959 4159 1124 4352 Epylola
1141 4160 1306 4260 Joannis
1323 4167 1543 4247 Britannici
1562 4170 1742 4256 Brixiani
1761 4166 1819 4247 ad

408 4278 678 4378 Hieronymum
698 4271 981 4371 Advocatnm,
1077 4298 1125 4353 ea
1142 4270 1303 4358 Taberii
1329 4280 1626 4381 expurgatione.
1664 4280 1711 4355 In
1737 4275 1817 4388 ipsa

406 4381 598 4468 laudatur
609 4390 856 4488 Hieronymus
874 4382 916 4466 ob
931 4403 1111 4466 curatam
1131 4378 1182 4461 ah
1196 4409 1237 4465 eo
1256 4387 1295 4459 V
1291 4388 1432 4492 itruuli
1442 4385 1664 4474 Editionem
1681 4446 1689 4464 ·
1721 4394 1818 4472 Hac

410 4500 536 4577 omnia
555 4523 600 4579 ete
620 4497 814 4576 Brixiana
834 4499 988 4575 Lucani
1006 4519 1068 4574 an.
1095 4485 1214 4595 1486.
1236 4490 1439 4581 Editione·
1470 4497 1630 4608 Falsum
1649 4494 1697 4602 esl
1710 4502 1819 4603 prin·

408 4609 504 4710 cipes
528 4610 702 4687 Virruuii
720 4603 921 4708 Editiones
938 4601 1005 4718 effe
1024 4610 1062 4685 F
1064 4603 1292 4686 larentinam
1309 4615 1405 4687 anni
1426 4630 1477 4710 14
1497 4617 1549 4686 .6.
1570 4606 1612 4688 (t
1631 4610 1818 4690 Venetam

406 4719 502 4795 anni
524 4738 641 4816 1497.
672 4715 831 4830 Falsum
850 4710 1225 4813 etiamffocundum
1243 4714 1485 4817 Veronensem
1499 4721 1665 4822 primam
1686 4722 1819 4800 Vitru-

405 4827 464 4923 oss·
481 4823 757 4935 castigationem
775 4825 942 4939 edidiffe.
973 4829 1037 4909 Ex
1058 4822 1193 4910 eadem
1207 4824 1392 4908 Editione
1409 4831 1603 4912 recitatur
1614 4830 1817 4933 Epigram-

405 4961 475 5017 ma
491 4934 713 5047 Laufranci
738 4944 778 5018 in
806 4935 961 5020 laudem
979 4934 1169 5021 Taherii.
1208 4941 1253 5016 Iu
1284 4936 1432 5020 Veneta
1461 4935 1644 5020 Editione
1662 4939 1818 5018 Lucani

404 5075 472 5126 an.
497 5068 618 5148 1511.
655 5050 947 5130 Commentariis
969 5046 1168 5127 Omniboni
1186 5043 1414 5152 copulantur
1443 5045 1526 5134 alia
1545 5045 1708 5142 Joannis
1729 5041 1817 5124 Sul·
1924 5145 1926 5151 Ι

397 5161 489 5263 pitii
508 5156 714 5247 Vesulum.
742 5160 990 5269 Comparatio
1007 5161 1110 5242 inter
1128 5157 1354 5345 Quium
1374 5155 1415 5242 Ct
1434 5159 1636 5235 Lucanum
1643 5175 1717 5280 per
1729 5152 1818 5238 Sul·

584 5274 587 5280 '
1028 5282 1031 5289 '
1610 5279 1762 5367 petrum.
