4459 6750
488 929 585 1008 ηε
869 889 1386 1023 POETICA

408 1047 569 1137 laribus
587 1049 619 1135 ti
625 1046 734 1163 pulis
751 1046 952 1137 hannonis
971 1056 1119 1163 punici
1130 1110 1144 1156 ,
1172 1044 1389 1141 sententiae
1407 1046 1638 1137 barbaricis
1660 1040 1825 1135 martiis

407 1161 885 1273 hieroglyphici.apices
913 1218 927 1261 ,
957 1192 1101 1250 rerum
1131 1167 1303 1250 nomina
1333 1162 1601 1276 sciopodibus
1640 1164 1826 1246 arietina

408 1275 605 1385 oracula,
623 1300 673 1359 ac
691 1272 868 1358 demum
887 1271 1199 1363 observationes
1221 1271 1572 1386 narthecopboris
1592 1297 1831 1382 angeronae3

409 1375 482 1472 sed
499 1381 642 1470 Ruffis
672 1378 880 1484 Helenae,
911 1378 1138 1467 Rhemniis
1167 1386 1456 1494 prothymiae,
1485 1381 1639 1466 Serviis
1672 1383 1832 1464 martis

408 1495 577 1601 vlpcula
588 1554 601 1597 ,
642 1524 690 1579 or
722 1493 970 1595 hyrionibus
988 1491 1207 1580 eunuchus
1228 1495 1463 1579 terentiana
1484 1553 1494 1573 .
1526 1492 1724 1592 Accede,
1745 1489 1827 1579 Le·

408 1606 523 1707 dior,
554 1524 664 1691 aeolii
683 1524 882 1716 implicis
909 1603 1190 1689 lenitudinem
1210 1603 1494 1716 complexus,
1524 1603 1642 1706 lydio
1660 1629 1825 1714 quaeru·

407 1716 454 1804 lo
473 1717 782 1817 consternatus,
811 1716 933 1802 dorio
951 1714 1151 1807 bellicoso
1170 1719 1405 1819 incitatus,
1425 1714 1607 1830 phrygio
1625 1712 1825 1825 religioso

411 1831 634 1929 detentus,
661 1826 745 1916 afio
763 1829 882 1914 vario
901 1851 1120 1942 correptus
1140 1827 1316 1918 floream
1337 1830 1446 1916 hanc
1465 1829 1670 1918 radicitus
1687 1827 1826 1940 expri-

409 1952 501 2026 mas
521 1938 786 2028 rosrdemiam
796 1971 809 2045 ;
838 1968 914 2028 nec
932 1943 1096 2028 mireris
1113 1970 1186 2031 me
1203 1942 1333 2034 satius
1345 1943 1521 2031 Milonis
1540 1937 1715 2028 voluisse
1745 1937 1825 2024 else

412 2050 648 2162 hospitem,
707 2080 809 2139 uam
835 2057 994 2157 tyronis
1015 2060 1244 2167 patronum
1306 2083 1405 2144 nam
1435 2053 1482 2139 ὅ(
1502 2050 1752 2170 pastophori
1771 2049 1824 2137 sa·

410 2166 595 2250 cerdotis·
611 2081 759 2250 multis
776 2163 939 2277 placuit
956 2166 1226 2270 mysterium.
1248 2108 1474 2282 ingredere
1494 2166 1626 2278 igitur
1634 2164 1709 2271 ,dt
1721 2189 1823 2250 cana

411 2298 556 2362 mente
575 2278 764 2391 perlege,
793 2276 932 2391 quaeii
955 2281 1120 2390 penitus
1137 2278 1400 2366 callumnoo
1411 2279 1658 2364 habebunt:
1677 2298 1827 2365 tamen

411 2389 522 2470 inter
550 2409 767 2585 attagenas
796 2389 1014 2517 phrygias,
1047 2391 1284 2505 samiosque
1313 2419 1528 2503 pavones,
1555 2391 1602 2476 δι
1631 2391 1829 2478 censores

410 2497 647 2694 glimen·
680 2524 755 2634 unt
771 2559 781 2584 .
812 2496 895 2587 Sed
909 2531 999 2604 ram
1018 2503 1171 2591 omilin
1187 2500 1395 2592 nebulosis
1414 2505 1592 2591 clariora
1609 2502 1827 2617 aggredia·

461 2638 511 2695 ur
529 2630 744 2699 convivia.

485 2723 747 2826 Parisrenses
773 2762 906 2866 typos
935 2767 1032 2831 non
1053 2762 1238 2832 tantum
1264 2736 1511 2852 Qtrintimi
1536 2737 1589 2831 in
1615 2727 1824 2829 Mariam

419 2867 671 3008 Virginem
699 2877 1076 3003 Panegyricum,
1110 2865 1297 3008 ejusque
1333 2868 1602 2973 Christiana
1627 2878 1825 2970 Drama-

417 3032 463 3096 ta
488 2995 690 3137 lupetius
718 2999 932 3124 laudata,
965 3003 1042 3108 sed
1071 3021 1117 3108 de
1147 3006 1279 3148 plura
1315 3007 1404 3112 alia
1436 3008 1641 3139 ejusdem
1674 3020 1823 3152 Opera

420 3133 649 3275 evulgasse
679 3151 880 3281 reperio,
915 3152 1036 3249 inter
1058 3187 1162 3288 quac
1198 3151 1258 3251 ad
1284 3187 1454 3252 manus
1478 3149 1631 3254 habeo
1656 3160 1820 3253 Poema·

412 3274 475 3377 de
511 3273 725 3384 laudibus
762 3284 1040 3389 Parisiorum
1062 3284 1244 3410 Urbis,
1278 3300 1360 3391 cui·
1385 3288 1549 3398 titulus
1587 3294 1821 3433 Cleonis,

386 3460 393 3474 ·
415 3453 614 3522 necnon
641 3419 769 3524 aliud
796 3424 852 3525 de
880 3426 1101 3561 Orpheo.
1136 3438 1407 3571 Utrumque
1432 3429 1700 3560 recensuit,
1734 3438 1816 3537 edi·

410 3556 571 3689 dirq'ue
598 3598 670 3653 an.
703 3597 845 3677 1514.
882 3567 1080 3673 Ioannes
1101 3564 1375 3669 Salmonius-
1393 3578 1645 3677 Maternus
1669 3653 1685 3697 ‚
1752 3616 1814 3682 ra:-

414 3688 638 3826 millaque
659 3692 716 3788 ad
731 3700 1080 3827 Hieronymum
1095 3701 1326 3804 Marlium
1344 3717 1588 3813 Pattitium
1605 3617 1814 3821 Parifien·

413 3819 505 3922 sem
535 3825 733 3966 Epistola
756 3839 1074 3965 Qrintianum
1106 3838 1181 3941 his
1214 3842 1375 3948 verbis
1394 3851 1601 3956 extollit:
1645 3859 1812 3993 Ofelitt

410 3966 554 4084 nabis,
590 3974 648 4075 (t
679 4007 784 4074 vere
814 3972 984 4075 beatum
1004 3975 1132 4083 Vatis
1169 3983 1453 4123 exiliumlss
1481 3998 1605 4099 mado
1643 4001 1811 4103 exiliunt

406 4108 626 4209 dicendum
641 4103 856 4249 fit,quod
878 4114 1023 4219 bellico
1045 4125 1237 4225 tumultu
1252 4121 1445 4268 petistis,
1466 4142 1524 4243 (9¹
1545 4142 1748 4247 militari
1752 4168 1810 4279 pt·

407 4248 626 4365 tulantia,
654 4253 833 4352 Gallias
853 4253 1017 4386 nostras
1040 4300 1243 4367 unacum
1267 4268 1515 4408 discipulis,
1550 4282 1623 4384 m·
1644 4290 1811 4397 amicit,

407 4421 490 4518 qua
514 4385 689 4490 liberius
702 4428 864 4495 omnem
879 4392 1009 4529 musts
1027 4432 1199 4538 operam
1222 4412 1493 4547 impenderet,
1508 4418 1813 4563 &tranquillo

404 4525 633 4625 literarum
658 4540 744 4630 atio
750 4531 983 4661 frueretur
997 4611 1011 4654 ,
1014 4538 1254 4678 seceffl‘rit.
1291 4558 1542 4689 Qintiani
1569 4565 1623 4660 in
1646 4560 1812 4665 Gallias

406 4652 618 4760 lecellum
631 4665 778 4766 Tullii
799 4669 938 4769 exilio
958 4682 1009 4772 in
1035 4684 1259 4781 Graeciam
1283 4697 1519 4832 comparat
1530 4696 1815 4823 Salmonide,

437 4808 487 4897 ui
510 4794 676 4902 scilicet
698 4806 964 4932 scissionibus
986 4820 1198 4957 (inquit)
1220 4835 1388 4932 civium
1420 4841 1649 4943 tumultun
1669 4881 1714 4951 ts
1728 4843 1814 4985 pul

388 4836 511 5073 las,
538 4936 857 5080 Philoliphr'arn
876 4957 1129 5060 Gruterum
1155 4961 1353 5085 Rumam
1389 4975 1575 5109 vestiens
1601 4988 1812 5104 anniculo,

397 5108 615 5221 tantopere
636 5085 905 5196 latinitatem
928 5092 1124 5222 ditavit,
1160 5107 1426 5251 adauxitpue
1438 5190 1454 5237 ,
1489 5147 1540 5221 ut
1562 5121 1711 5261 ipstus
1738 5134 1811 5232 etti*

1648 5272 1766 5374 lium
