4459 6750
498 918 554 1017 76
768 897 847 995 M.
918 891 1504 1010 VALERIUS

418 1031 672 1145 pedarunti
708 1031 802 1116 Cur
831 1030 1024 1116 herculea
1045 1032 1204 1113 virtute
1225 1026 1410 1112 instruiii
1434 1083 1447 1123 ,
1475 1050 1525 1108 ac
1543 1017 1645 1107 steti
1673 1021 1833 1107 imma·

415 1173 511 1228 nem
531 1143 766 1228 Catulliani
797 1142 993 1229 carminis
1023 1137 1206 1242 hydram
1236 1166 1315 1222 non
1346 1136 1442 1219 sunt
1470 1132 1555 1217 ausa
1585 1128 1834 1216 conficere?

413 1282 489 1337 cur
521 1274 619 1338 ante
646 1252 811 1361 vigilias
839 1279 953 1336 meas
985 1272 1075 1337 tam
1106 1246 1293 1332 defidiosr
1322 1245 1646 1331 hallucinatores
1672 1237 1830 1326 fuere?

402 1391 490 1448 -cut
509 1366 690 1470 denique
710 1361 870 1444 molesti
889 1363 1011 1447 alieni
1033 1362 1169 1470 operis
1185 1360 1318 1441 critici
1350 1352 1651 1438 benedicendo
1683 1356 1828 1463 potius

414 1500 547 1584 quam
574 1471 847 1554 obtrediando
872 1470 1049 1553 honestis
1078 1466 1293 1551 laboribus
1321 1490 1488 1564 nomen,
1517 1489 1567 1550 ac
1592 1461 1767 1548 famam
1786 1461 1828 1546 sr-

416 1583 461 1668 bi
492 1579 837 1692 nonquaestvete?
867 1578 996 1664 Vale.

306 1775 314 1796 ·
487 1727 564 1820 An
590 1716 809 1816 festinate
843 1724 1013 1834 nimis,
1050 1712 1126 1815 seu
1162 1724 1311 1855 potius
1339 1721 1620 1857 praecipitarae
1647 1712 1823 1815 Editio·

418 1869 489 1958 nis
509 1855 593 1956 suoe
616 1864 728 1956 vitia
754 1855 1024 1954 Parthenius
1043 1892 1163 1955 nova
1196 1858 1322 1992 posta
1346 1858 1697 1990 recognitione,
1723 1891 1821 1991 qua

399 1998 593 2110 exstet,
629 1995 941 2094 emendaverit
969 2001 1196 2093 incertum
1221 2033 1232 2101 3
1272 2027 1319 2091 at
1345 2029 1449 2092 eam
1472 2030 1569 2089 non
1593 1988 1824 2090 emanasse

415 2129 573 2232 saltem
594 2127 738 2269 usque
763 2133 819 2229 ad
850 2167 1031 2230 annum
1064 2168 1204 2246 1493.
1245 2166 1329 2266 pro
1357 2163 1480 2226 certo
1505 2123 1745 2228 habemus
1771 2169 1820 2230 ex

416 2279 595 2368 recitata
611 2276 801 2367 Avantii
828 2279 860 2365 E
899 2266 1028 2365 istola
1063 2267 1121 2366 ad
1150 2279 1245 2390 ejus
1276 2274 1387 2365 anni
1418 2263 1560 2364 finem
1592 2265 1706 2368 data
1722 2344 1740 2387 ,
1775 2279 1822 2369 in

417 2443 510 2543 qua
542 2407 591 2504 id
622 2443 772 2504 unum
809 2306 1004 2504 aiiiimat
1029 2410 1302 2522 Avantius,
1340 2401 1382 2503 se
1414 2398 1662 2543 accepilie,
1699 2444 1824 2546 para-

403 2578 521 2643 ·tum
552 2541 637 2641 elle
662 2542 990 2662 Parthenium,
1009 2539 1316 2642 festinationis
1342 2550 1568 2666 jadiuram
1584 2579 1760 2671 mora,
1777 2588 1825 2648 ac

414 2677 653 2816 diligentia
694 2677 915 2783 resarcite.

409 2955 411 2962 Ι
483 2819 735 2934 Tandem,
771 2821 898 2955 quod
934 2815 1100 2956 speiiat
1136 2823 1193 2920 ad
1215 2829 1478 2921 Brixianam
1505 2823 1682 2947 Catulli
1715 2829 1825 2927 Edi-

413 2963 627 3073 tionem,
648 2962 884 3054 lestorem
909 2968 1147 3058 monitum
1173 2955 1331 3078 facio,
1365 2971 1413 3059 iu
1442 2961 1680 3064 nonnullis
1702 2962 1828 3091 ejul-

413 3093 524 3193 dem
555 3090 905 3232 Exemplaribus
939 3091 1088 3195 solum
1125 3108 1412 3233 Propertium
1433 3098 1621 3201 Catullo
1646 3092 1827 3238 jungi,

412 3239 462 3330 in
488 3228 588 3330 aliis
617 3271 723 3330 vero
748 3228 974 3370 plerisque
1007 3245 1293 3374 Propertium
1323 3313 1337 3354 ,
1364 3233 1782 3376 atque=Tibullum
1819 3282 1831 3350 3

408 3379 694 3507 Propertium
721 3369 915 3507 quidem
951 3407 1063 3472 cum
1085 3383 1208 3474 notis
1233 3374 1366 3474 valde
1401 3370 1589 3479 concifi's
1609 3383 1825 3482 Domitii

416 3507 714 3619 Veronensis,
733 3517 783 3600 in
808 3544 1010 3640 quarum
1035 3508 1187 3609 fronte
1208 3508 1375 3647 legitur
1396 3508 1640 3617 nuda'lrec
1664 3514 1825 3620 inscri-

416 3648 514 3777 prio
538 3686 549 3737 ι
603 3648 793 3741 Domitii
825 3643 1083 3746 elucubratio
1117 3656 1162 3747 iu
1196 3655 1387 3785 quadam
1426 3649 1647 3794 Propertii
1690 3660 1824 3775 loca,

414 3810 511 3911 qua
534 3770 771 3900 difficiliora
801 3780 1084 3901 videbantur,
1119 3786 1179 3885 ad
1198 3790 1358 3890 Frauc.
1385 3792 1625 3924 Aragouiae
1640 3797 1823 3903 Feraria.

416 3913 526 4041 liga.
547 3915 683 4050 llleap.
700 3915 758 4017 F.
798 3912 1046 4020 Tibullum
1074 3959 1183 4022 vero
1201 3959 1312 4026 cum
1335 3933 1706 4034 Commentariis
1723 3941 1822 4037 Ber-

412 4049 593 4151 nardini
615 4048 849 4186 Cyllenii,
885 4057 1045 4158 itidem
1072 4059 1345 4164 Veronensrs
1370 4144 1388 4185 ,
1416 4067 1589 4207 quibus
1616 4049 1818 4210 praemitss

408 4225 570 4291 tuntur
595 4190 788 4323 quidam
817 4189 970 4293 versus
1004 4195 1146 4335 ipsius*
1170 4206 1438 4305 Bernardini
1465 4210 1522 4308 ad
1542 4219 1670 4351 Bapt.
1690 4213 1817 4317 Ursi

408 4362 527 4424 num
544 4333 708 4422 AErarii
724 4328 956 4429 'Pontificii
968 4336 1254 4457 Custodem,
1281 4358 1328 4441 &
1349 4343 1484 4444 almae
1504 4345 1647 4448 Urbis
1664 4361 1816 4490 Gym-

407 4457 522 4561 nafii
547 4472 955 4588 Vice-Rediorem,
981 4510 1064 4572 nec
1080 4513 1176 4575 non
1192 4483 1301 4578 Vita
1323 4480 1526 4606 eiusdem
1550 4489 1710 4592 poetae?
1731 4494 1814 4613 ,ad

403 4612 532 4723 cuius
566 4598 735 4701 calcem
766 4602 860 4704 lraec
884 4603 1050 4744 legitur
1070 4613 1129 4711 ad
1146 4612 1319 4716 Schola
1345 4623 1597 4758 Magistros
1616 4621 1817 4733 obtesta-

398 4746 498 4836 tio:
535 4741 714 4875 Siquis
741 4773 884 4844 tamen
923 4756 966 4845 iu
992 4750 1157 4850 Schola
1179 4753 1399 4886 Magister
1434 4764 1671 4897 explanare
1703 4772 1818 4901 disci-

391 4877 514 5014 pulis
529 4889 752 4979 tenerioris
780 4893 926 4982 atatis
949 4888 1166 5005 voluerit,
1194 4891 1336 5027 ipsum
1349 4926 1431 5031 ptr
1449 4907 1597 5002 Deum
1617 4893 1816 5044 obtestor,

400 5046 446 5113 ut
471 5051 602 5153 quum
628 5019 797 5150 legendo
807 5036 1059 5155 pervenerit
1087 5029 1149 5127 ad
1166 5031 1244 5131 illa
1269 5032 1393 5156 loca,
1413 5038 1488 5139 ubi
1510 5044 1740 5177 quoddam
1759 5053 1818 5153 olr

1643 5189 1759 5321 a
