4459 6750
480 882 558 982 13'0·
772 848 1211 971 oRAMMA
1233 840 1473 951 Tlca.

419 980 740 1137 sthintiani
765 996 973 1086 nominis
993 986 1170 1088 famam
1184 1020 1198 1102 ,
1235 1016 1288 1080 ut
1313 979 1370 1078 ad
1397 974 1523 1139 husie
1544 977 1824 1145 videndum,

422 1154 473 1243 &·
500 1122 869 1361 cognoscendum
906 1160 961 1218 ex
999 1122 1180 1219 ultimis
1203 1116 1366 1218 Galliae
1402 1109 1574 1215 imbus
1608 1151 1828 1216 veneunt

413 1274 528 1383 olim
586 1271 750 1363 rixiam
777 1261 882 1355 Viti
905 1249 1177 1365 doetiffimir
1216 1293 1352 1394 atque
1378 1252 1451 1353 his
1480 1243 1629 1350 verbis
1645 1255 1827 1386 Episto-

413 1414 508 1514 lam
530 1387 998 1527 claudittFelieiffima
1010 1390 1112 1521 fuit
1136 1395 1216 1489 illa
1240 1423 1370 1504 atas,
1393 1400 1438 1486 in
1459 1427 1544 1524 qua
1558 1415 1691 1521 pater
1719 1419 1823 1492 tuus

407 1538 589 1657 Aldus,
610 1529 876 1659 Qiutioour
892 1525 1035 1645 Stoa,
1056 1528 1301 1655 Egnatiut,
1324 1525 1817 1648 Bembus,Sabellicus,

406 1674 683 1788 Politianus,
705 1667 972 1771 Hermolaus
1001 1663 1229 1777 Barbarus
1243 1739 1259 1782 ,
1273 1661 1467 1805 Joauues
1489 1659 1622 1763 Picus
1642 1670 1819 1770 Miran-

321 1839 325 1846 ’
410 1813 593 1923 telonus
612 1847 701 1917 una
717 1806 926 1946 floruere.
949 1815 1074 1906 Haec
1100 1801 1297 1903 Planerii
1321 1796 1459 1906 verba
1491 1801 1711 1903 incuriose
1747 1804 1814 1906 le-

415 1954 826 2095 gerunt,qui'Pic0
841 1941 1176 2046 Mirandulano
1186 1950 1500 2064 Quintianum
1517 1953 1673 2041 Stoam
1688 1980 1817 2042 com-

414 2077 627 2237 paratum
648 2081 779 2188 fuisse
800 2084 1084 2188 tradiderunt
1118 2080 1403 2200 aPlanerio‚
1424 2087 1652 2220 Egnatio,
1677 2080 1820 2201 Aldo,

410 2225 616 2348 Bembo,
641 2220 890 2343 Sabellioo,
913 2217 1165 2341 Politiano,
1192 2217 1449 2323 &Barbare
1460 2296 1478 2342 ,
1500 2256 1552 2322 ut
1572 2227 1624 2321 in
1646 2223 1823 2324 Histor.

413 2377 592 2505 Gymn.
613 2377 763 2468 Patar.
788 2372 845 2466 T.
872 2404 913 2462 2.
940 2361 969 2463 l.
988 2403 1037 2462 ι..
1057 2401 1103 2504 p.
1126 2380 1240 2462 206.
1299 2447 1302 2453 .
1715 2438 1717 2442 -
1819 2450 1826 2457 .

460 2515 653 2609 ‘Contra
675 2511 994 2605 Grammatico
1016 2505 1207 2622 Ioannis
1228 2498 1445 2604 Tortellii
1467 2504 1650 2603 Aretini
1672 2512 1822 2606 Com·

406 2650 635 2745 mentatio
671 2635 881 2780 scripsisse
898 2636 1235 2782 'Qintianum
1261 2652 1419 2742 Stoatn
1444 2646 1819 2765 Annotationes,

407 2781 630 2885 docemur
660 2819 772 2880 exc.
797 2817 876 2897 31,
891 2791 1059 2919 Epogr,
1083 2818 1122 2879 1.
1163 2789 1297 2918 Opus
1315 2778 1436 2883 illud
1462 2780 1717 2883 Tortellius
1735 2790 1823 2882 Ni-

407 2913 542 3014 colao·
567 2926 627 3016 V.
665 2913 877 3015 Pontifici
901 2922 1118 3018 Maximo
1152 2916 1475 3046 dedicaverat,
1508 2927 1559 3020 in
1593 2930 1827 3036 Vaticana,

407 3048 694 3154 Bibliotheca
718 3055 1040 3195 reponendum
1067 3131 1084 3176 ,
1118 3094 1198 3159 uon
1223 3061 1393 3196 quidem
1417 3065 1644 3198 (inquit)
1679 3091 1732 3164 ut
1748 3066 1823 3165 Ite-

398 3189 699 3322 stitutiom‘bus
734 3196 1101 3318 Grammaticis,
1147 3193 1464 3338 Poetarumque
1509 3198 1826 3333 hisloriuneulis

406 3358 485 3434 tua
511 3333 745 3440 Beatitudo
774 3335 991 3468 indigeat,
1025 3345 1103 3477 qui
1125 3367 1299 3444 ceteros
1323 3346 1367 3441 iu
1396 3340 1599 3445 dollriuis
1625 3344 1824 3446 omnibus

410 3477 543 3572 otiam
562 3482 746 3573 minutis
780 3509 836 3575 eoe
860 3472 1038 3603 summo
1072 3485 1252 3605 ingenii,
1287 3490 1579 3623 memoriaque
1600 3479 1827 3613 felicitate

404 3604 624 3742 macellis
635 3676 651 3721 ‚
675 3604 758 3741 sed
780 3633 831 3707 ut
868 3616 912 3707 in
935 3635 1013 3709 tua
1037 3610 1119 3712 illo
1142 3611 1439 3739 Bibliotheca,
1461 3658 1594 3762 quom
1614 3633 1802 3726 omnium
1809 3694 1825 3744 ,

411 3775 508 3875 qua
518 3736 733 3865 suerum,
750 3740 1139 3887 prosloutrffiuuem
1159 3761 1408 3889 comparas,
1430 3763 1576 3901 aliquo
1592 3768 1717 3902 palio
1736 3770 1824 3867 col-

415 3876 606 4012 lutarep
674 3915 724 3978 s..
760 3878 886 3983 Nam
910 3883 1013 3986 licet
1040 3921 1096 3990 ete
1118 3890 1429 4027 magnificentia
1455 3910 1593 4005 animi
1616 3912 1721 4022 tui,
1748 3912 1824 4043 qui

407 4021 563 4118 nmoit
584 4054 608 4115 c
626 4025 699 4120 ari
727 4052 814 4120 rma
836 4028 880 4119 iu
900 4020 1069 4143 literis,
1088 4026 1355 4165 adist'ciifque
1367 4042 1461 4153 ,ir
1474 4041 1600 4143 rebor
1619 4046 1823 4171 aggrede-

408 4164 475 4260 ris
489 4171 522 4275 ,'
540 4153 667 4259 Viros
689 4156 909 4295 utriusque
928 4159 1083 4296 lioguae
1107 4164 1416 4305 eruditiffimos
1436 4212 1493 4282 ex
1513 4179 1705 4282 omuibus
1715 4181 1822 4314 fere

408 4303 568 4406 tetris,
601 4295 746 4397 veluti
769 4297 827 4400 ad
843 4307 1034 4405 virtutis
1058 4307 1270 4442 quoddam
1293 4310 1460 4444 asylum
1478 4331 1816 4442 convocaveris,

403 4465 513 4569 quos
543 4457 603 4530 ut·
615 4427 931 4571 strum-poffmt
962 4445 1154 4552 excolere·
1181 4456 1423 4578 ingenium,
1457 4462 1706 4597 laudemque
1730 4455 1818 4590 sthi

329 4583 331 4588 ’
400 4589 589 4704 parare,
603 4575 660 4676 (r
678 4571 846 4713 aliquid
867 4576 1096 4713 conficere,
1119 4590 1234 4720 quod
1250 4590 1507 4723 polleritati
1518 4595 1707 4739 proelffe
1722 4594 1820 4735 pos·

271 4778 275 4787 1
396 4699 497 4835 fit,
532 4717 738 4812 maximis
747 4726 943 4851 premiis
961 4714 1195 4858 affeceris,
1229 4757 1310 4830 nou
1330 4761 1474 4837 tameo
1495 4738 1738 4843 deterrebor
1760 4745 1820 4847 (θ’

408 4878 482 4976 ego
510 4847 680 4989 aliquid·
700 4879 793 4990 pro·
819 4878 913 4957 meo
939 4869 1173 4995 parvitate
1209 4897 1294 4970 tue
1318 4875 1593 4981 Bibliotheca
1628 4874 1814 5018 offerre.

404 4982 702 5134 Prosequitur·
729 4991 982 5106 Tortellius
1023 5008 1079 5105 in
1109 5043 1164 5105 ea
1191 5008 1397 5143 Epistola
1436 5016 1822 5122 munificentiam·

512 5183 518 5193 ·
1655 5160 1742 5255 Ni-
