4459 6750
837 901 881 1004 P
916 908 956 1009 0
991 908 1042 1013 Ε
1077 905 1192 1010 T'I
1222 910 1354 1018 CA.
1642 950 1731 1030 ²31

402 1046 720 1142 rimentione
754 1041 931 1178 dignus
981 1047 1261 1166 videretur,
1309 1044 1396 1150 nisr
1447 1045 1634 1148 aliunde
1668 1057 1813 1149 etiam

401 1173 495 1316 ipse
517 1177 655 1281 nobis
680 1179 1001 1285 innotesceret·
1037 1183 1120 1282 Ele
1155 1218 1237 1284 ans
1271 1199 1367 1308 ejus
1382 1181 1812 1326 Hendecasylsabon

401 1326 658 1435 Brixianae,
684 1357 827 1457 quam
850 1322 911 1420 ad
939 1222 1517 1442 manusitabeoMarussi
1544 1335 1811 1439 carminum

405 1458 618 1555 Editioni
647 1459 964 1577 adjuusium,
1002 1463 1222 1592 reperitur
1248 1532 1263 1575 ,
1293 1498 1389 1594 quo
1411 1456 1651 1576 cultislimi
1683 1459 1811 1560 illius

408 1606 555 1695 Poetae
583 1629 731 1730 partes
753 1586 796 1690 se
816 1586 1041 1730 suscepisse
1064 1594 1354 1693 demonstrat
1365 1595 1580 1696 adversus
1606 1594 1810 1699 aliorum

411 1743 464 1832 in
498 1732 701 1831 eundem
739 1728 985 1830 maledicas
1022 1728 1407 1833 obtrectationes.
1446 1732 1670 1835 Michaeli
1697 1748 1810 1837 Tar-

405 1872 631 1971 chaniotae
665 1867 874 1967 Marullo
907 1871 1429 2008 ¹Constantinopolitano
1474 1907 1652 1975 tantam
1694 1912 1809 1972 cum

407 2007 638 2110 Politiano
662 2003 943 2107 intercessisse
979 2016 1306 2130 inimicitiam,
1342 2047 1396 2110 ut
1426 2010 1658 2110 modestia
1695 2010 1809 2112 fines

403 2185 570 2248 omnes
592 2145 845 2264 excesserit,
882 2187 935 2244 ex
967 2143 1204 2284 utriusque
1224 2158 1405 2286 Scriptis
1459 2146 1579 2246 alam
1604 2152 1806 2250 constat.

403 2294 657 2404 Carmina,
681 2281 853 2423 quibus
877 2279 1342 2408 PolitianusMabisio
1371 2187 1636 2407 insultavit,
1662 2305 1707 2386 &
1737 2328 1805 2404 ea,

405 2423 578 2565 quibus
601 2422 834 2525 Marullus
853 2433 1121 2522 Ecnomum
1143 2426 1430 2542 momordit,
1466 2425 1524 2523 ad
1548 2466 1618 2524 eas
1646 2423 1808 2524 fimus-

402 2600 516 2666 tates
542 2561 738 2701 speritate
751 2637 766 2680 ,
791 2557 924 2663 valde
945 2559 1182 2699 probabile
1208 2564 1300 2681 est,
1336 2563 1441 2663 sicet
1466 2562 1613 2701 aliqui
1636 2566 1691 2662 de
1719 2563 1807 2660 hoc

402 2703 654 2805 dubitent.
691 2712 763 2800 De
791 2736 952 2800 earum
986 2697 1283 2801 simultatum
1304 2699 1446 2801 causas
1482 2699 1579 2801 aliae
1606 2700 1807 2800 aliorum

402 2841 510 2944 sunt
539 2848 840 2966 conjesturae.
878 2836 1165 2944 Politianum
1189 2840 1346 2938 studio
1379 2846 1531 2978 gentis
1562 2835 1647 2955 sua:
1680 2835 1808 2938 abre-

402 3020 578 3124 ptum,
604 2974 817 3082 universo
844 2985 974 3114 gregi
1002 2978 1253 3078 doCtorum
1277 2988 1570 3096 Grae'corum,
1596 2987 1651 3076 'in
1668 2978 1799 3079 ltalia

402 3160 517 3223 tunc
541 3117 923 3255 hospitantium,
943 3114 1123 3213 exitiale
1142 3110 1325 3216 bellum
1351 3116 1628 3218 inferentem
1654 3191 1668 3234 ,
1691 3115 1806 3214 casa-

404 3297 546 3361 mum
571 3291 802 3396 propterea
821 3262 873 3351 in
894 3250 1161 3349 Marullum
1189 3253 1383 3368 acuisse,
1415 3255 1542 3346 haud
1564 3289 1679 3387 aegre
1705 3262 1809 3389 quis

404 3398 495 3502 fibi
519 3392 812 3536 persuadeat.
849 3399 1023 3490 Tantas
1051 3398 1137 3485 iras
1160 3396 1316 3487 Deum
1340 3393 1566 3504 Amorem
1596 3422 1809 3536 ’practerea

403 3530 735 3651 inflammasse,
772 3566 974 3666 nuperus
994 3536 1192 3663 Scriptor
1219 3532 1518 3652 con'jeiiavit.
1555 3538 1609 3630 In
1630 3526 1809 3628 Marus-

407 3678 511 3780 sum
549 3680 767 3774 acerrime
804 3677 944 3768 etiam
983 3673 1196 3766 inveiius'
1230 3667 1296 3765 est
1322 3663 1413 3784 Jus.
1436 3660 1583 3765 Caesar
1612 3664 1808 3807 Scaliger

407 3823 577 3918 Poetic.
603 3807 681 3910 lib.
706 3834 745 3908 6.
772 3845 882 3907 eum
906 3800 1025 3903 hisce
1049 3801 1284 3922 coloribus
1311 3813 1534 3944 pingens:
1573 3810 1809 3911 Marullus

403 3987 524 4061 totus
547 3956 681 4054 durus
708 4022 723 4067 ›‚
748 3940 967 4076 morofits,
1002 3942 1187 4045 afrorum
1207 3944 1493 4060 abutuntur,
1515 3955 1594 4077 sui
1618 3948 1808 4048 admira·

403 4130 475 4199 tor
516 4092 658 4207 rmus,
693 4094 750 4195 (φ
770 4080 994 4213 diffidens.
1043 4086 1229 4192 Anxius
1259 4088 1370 4179 enim
1400 4117 1483 4216 quo
1514 4083 1632 4181 dicat
1666 4087 1808 4201 modo,

402 4238 541 4354 haret
571 4227 828 4362 negotiosus,
850 4233 1015 4326 oruuino
1040 4220 1324 4322 invenustus.

477 4381 520 4471 A
543 4365 748 4511 partibus
774 4359 970 4465 Marulli
1010 4362 1231 4460 steterunt
1264 4356 1628 4461 Bartholomaeus
1652 4362 1806 4485 Scala,

403 4527 564 4616 Petrus
590 4515 798 4610 Crinitus
825 4580 840 4623 ,
874 4507 1036 4601 Actius
1073 4504 1280 4620 sincerus
1315 4510 1653 4622 Saunazarius,
1687 4544 1810 4643 quos

406 4690 583 4769 tamen,
620 4647 695 4749 seu
719 4646 831 4744 odio
858 4650 906 4741 in
934 4637 1252 4759 Politianum,
1288 4633 1363 4739 seu
1384 4652 1534 4746 amori
1561 4651 1611 4746 in
1634 4646 1813 4745 Marus-

403 4795 506 4895 sum
535 4798 677 4890 nimis
696 4779 953 4902 indulsrsle,
986 4778 1139 4921 plures
1162 4780 1462 4883 existimant.
1500 4790 1708 4884 Brixiana
1721 4861 1736 4904 ,
1753 4785 1811 4883 de

399 4974 493 5075 qua
532 4931 805 5069 loquimur,
844 4924 998 5025 Editio
1035 4959 1189 5062 prater
1227 4930 1484 5061 Georgium
1524 4923 1806 5025 Ausesmum

398 5075 695 5179 Parmensem
721 5146 738 5191 ,
764 5072 1018 5189 Jovianum
1049 5074 1317 5169 Pontanum
1350 5140 1365 5185 ,
1402 5073 1544 5167 etiam
1573 5057 1825 5176 cassem&

1620 5231 1745 5305 nunt
