4459 6750
494 890 556 984 ⁶4
765 865 951 989 ΘΚΛ
975 870 1048 974 M
1064 869 1204 984 MA
1223 861 1474 981 ricus

418 1031 538 1090 mare
568 1000 609 1090 se
627 1027 725 1089 eum
746 1003 839 1114 plus
859 1003 986 1118 Reip.
1004 1008 1307 1121 profuturum,
1326 1007 1398 1120 qui
1422 985 1682 1120 disciplinam
1704 985 1820 1120 mili·

416 1134 552 1200 tarem
571 1115 811 1198 litterarum
830 1123 1115 1202 monumentis
1133 1118 1366 1211 mandasset
1375 1171 1388 1214 ,
1416 1129 1545 1221 quam
1573 1128 1644 1209 qur
1675 1099 1832 1183 sortis·-

415 1225 518 1311 srme
536 1215 769 1334 pugnasset,
797 1245 1020 1335 propterea
1039 1227 1157 1336 quod
1175 1230 1296 1310 unius
1313 1224 1448 1306 araris
1475 1212 1570 1339 sunt
1587 1267 1600 1308 ,
1617 1237 1710 1319 quae
1729 1207 1832 1290 for-·

414 1338 516 1417 riter
534 1331 744 1434 fecerunt;
799 1360 863 1415 uae
883 1360 982 1416 vero
1011 1363 1087 1441 pro
1116 1335 1305 1418 utilitate
1324 1331 1448 1436 Reip.
1470 1318 1750 1445 scribuntur,
1765 1341 1818 1399 ea

413 1468 543 1552 prope
560 1462 713 1525 aeterna
730 1357 808 1523 elle
827 1440 1158 1526 consueverunt.
1190 1443 1342 1544 ltaque
1362 1436 1500 1542 postea
1523 1431 1576 1512 de
1594 1456 1639 1510 re
1662 1428 1823 1510 milita·

412 1553 448 1635 ri
466 1551 572 1636 adeo
590 1551 811 1659 diligenter
838 1546 1028 1659 scripfit,
1058 1565 1107 1629 ut
1127 1544 1214 1646 ejus
1244 1544 1397 1648 scripta
1419 1560 1591 1667 ,arque
1621 1538 1812 1666 instituta

411 1661 501 1773 post
522 1660 659 1745 multa
680 1657 861 1753 sarcula,
890 1685 971 1740 non
994 1654 1132 1741 solum
1153 1655 1357 1741 Romanas
1377 1648 1503 1756 Rerp.
1526 1647 1597 1731 sed
1617 1646 1814 1777 omnibus

413 1770 652 1855 nationibus
672 1792 791 1879 ,quar
807 1767 936 1853 latine
955 1767 1260 1877 intelligerent,
1280 1760 1515 1890 plurimum
1538 1759 1809 1888 profuerint.

411 1878 505 1989 Ego
522 1905 624 1966 vero
653 1873 702 1958 ὅ(
719 1903 813 1961 mea
835 1880 876 1961 in
895 1903 967 1961 vos
983 1875 1247 1960 observantia
1267 1931 1280 1970 ,
1309 1871 1355 1956 ἃ
1376 1868 1518 1953 vessrrs
1537 1897 1576 1951 rn
1596 1894 1664 1952 me
1687 1867 1811 1949 bene·

413 1988 518 2072 ficiis
535 1996 769 2087 excitatus,
785 1988 881 2088 diu,
894 1986 1175 2097 multumque
1192 1983 1402 2094 cogitavi,
1432 2005 1611 2089 quonam
1633 1970 1806 2105 padio-ss

411 2125 497 2209 qua
515 2125 584 2181 me
611 2098 678 2183 vel
709 2098 819 2184 ratio
835 2155 849 2197 ,
878 2097 946 2181 vel
975 2092 1145 2180 fortuna
1172 2124 1197 2182 a
1227 2094 1345 2178 vobis
1372 2087 1615 2186 avocasset,
1643 2087 1809 2215 aliquid

294 2222 297 2228 '
412 2234 493 2288 non
513 2210 665 2316 ingrati
682 2209 811 2294 animi
831 2230 1154 2291 monumentum
1175 2206 1455 2314 relinquerem
1475 2260 1487 2301 ,
1516 2225 1603 2392 luo
1622 2196 1739 2280 vobis
1761 2195 1810 2280 ὅ(

411 2315 558 2399 absens
580 2316 812 2428 prodellem
833 2348 841 2400 :
871 2317 914 2401 id
933 2317 1105 2402 tandem
1124 2313 1183 2415 (fi
1203 2342 1333 2425 parva
1353 2315 1512 2505 magpis
1549 2313 1632 2394 icet
1652 2304 1812 2391 confer·

1480 2448 1552 2506 am
1572 2446 1700 2505 annos
1722 2446 1815 2527 pro·

411 2431 482 2526 re)
499 2427 673 2512 Catonis
690 2429 889 2622 exemplo
906 2426 1013 2512 mihi
1033 2426 1179 2510 videor
1198 2422 1410 2509 invenisse.

412 2563 466 2644 pe
492 2538 582 2638 jam
601 2537 741 2624 xv.a
761 2566 814 2622 vo
847 2542 879 2623 is
900 2537 1069 2648 publice
1090 2534 1334 2634 conductus,
1363 2559 1447 2646 qua
1469 2529 1553 2615 fide
1572 2529 1719 2628 debui,
1741 2530 1814 2611 do·

410 2672 505 2729 cere
524 2649 618 2732 sum
637 2670 834 2749 conatus,
862 2647 1136 2759 &quantum
1168 2650 1273 2731 vires
1292 2671 1397 2728 meae
1417 2638 1632 2744 ferebant,
1662 2666 1816 2750 pugna·

410 2757 454 2831 vi
475 2757 673 2841 adversus
691 2761 977 2842 inveteratum
1005 2760 1048 2841 in
1074 2755 1180 2841 urbe
1208 2757 1343 2879 vestra
1362 2780 1583 2852 errorem,
1610 2775 1697 2862 quo
1717 2774 1822 2833 tum·

411 2860 508 2953 sua,
538 2887 631 2944 rum
653 2865 785 2947 vellra
806 2867 929 2966 culpa
949 2887 1222 2974 praceptores
1241 2891 1401 2963 majore
1421 2862 1546 2945 turba
1566 2879 1819 2963 onerantur,

412 2993 544 3078 quam
564 2967 760 3052 sullinere
780 2995 987 3079 nequeant
1005 3004 1014 3052 ε
1044 2974 1222 3084 ideoque
1242 2973 1292 3056 fit
1312 3025 1328 3071 ,
1357 2993 1404 3053 ur
1419 2972 1727 3069 ‚discendarum
1749 2972 1819 3054 lit,

410 3104 600 3164 terarum
621 3099 830 3191 pretextu
848 3081 969 3168 liberi
981 3081 1104 3167 vellri
1126 3109 1320 3194 magnam
1340 3079 1632 3186 adolescentia,
1650 3104 1817 3194 partem

410 3187 559 3275 frustra
579 3212 821 3297 conterant,
849 3222 948 3280 cum
967 3194 1022 3282 ad
1040 3221 1110 3280 eos
1128 3197 1382 3295 mittuntur,
1398 3194 1485 3305 .qui
1506 3220 1581 3277 nec
1601 3193 1751 3278 docere
1769 3193 1818 3279 il·

413 3302 472 3387 los
495 3299 769 3415 possunt,nec
787 3308 1131 3421 continere,quia
1152 3334 1327 3395 numero
1346 3309 1672 3435 opprimuntur3
1687 3304 1815 3404 Hanc

409 3438 509 3523 ergo
526 3419 785 3527 ingeniorum
807 3424 1034 3531 perniciem
1061 3421 1166 3504 dum
1195 3421 1344 3507 tollere
1372 3420 1572 3520 adnitor,
1602 3420 1818 3521 adJurores

407 3523 555 3630 saepius
574 3530 780 3623 conduxi,
810 3551 858 3609 ut
877 3529 1152 3611 distributum
1174 3532 1214 3609 in
1234 3532 1391 3612 rnulros
1409 3558 1513 3615 onus
1539 3531 1809 3615 commodius

410 3628 510 3710 ferri
541 3629 671 3733 pollet
690 3652 700 3703 t
730 3631 776 3715 dt
795 3635 838 3715 in
856 3658 906 3715 ea
923 3634 1114 3824 pualibet
1133 3662 1178 3720 re
1196 3662 1404 3745 quantum
1425 3637 1704 3751 profecerim,
1725 3669 1814 3727 rna·

408 3736 452 3815 lo
474 3758 655 3835 eorum,
683 3742 806 3845 quia
835 3768 905 3835 me
953 3742 1086 3826 iscere.
1107 3773 1187 3828 non
1204 3748 1502 3858 neglexerunt,
1532 3780 1636 3837 voce
1658 3754 1812 3865 praedi·

406 3844 516 3942 cari,
536 3865 665 3954 quam
684 3874 800 3934 mea.
830 3846 928 3953 Jure
947 3871 1089 3939 tamen
1108 3854 1355 3945 affirmarim
1367 3863 1435 3962 ,id
1456 3884 1624 3948 tantum
1645 3864 1811 3963 esse,ut

405 3977 573 4040 menon
591 3956 826 4045 admodum
854 3982 930 4047 aut
950 3964 1130 4066 laboris,
1159 3991 1233 4053 aut
1252 3972 1453 4082 impendii
1474 3976 1696 4084 poenireat.
1731 3974 1815 4061 Ve-¹

403 4094 501 4151 rum
527 4067 635 4153 adeo
652 4070 824 4157 difficile
853 4101 983 4186 prava
1009 4076 1052 4159 in
1080 4078 1231 4162 melius
1257 4105 1503 4183 mutantur,
1533 4107 1582 4171 ut
1604 4084 1673 4171 nifi
1707 4113 1809 4197 prar-

404 4181 528 4288 cipua
555 4182 750 4284 quaedam
770 4212 869 4270 cura
890 4186 1024 4270 vellra
1036 4245 1049 4286 ‚
1067 4186 1113 4275 ὅ(
1132 4188 1361 4277 audioriras
1388 4195 1558 4305 publica
1578 4197 1810 4282 intercesse-

403 4290 655 4385 rinr,omnia
676 4294 717 4373 in
736 4292 851 4401 pejus
871 4300 1034 4382 ruitura
1053 4300 1307 4411 intelligam.
1339 4304 1491 4415 Itaque
1509 4334 1602 4419 quar
1621 4309 1678 4393 ad
1697 4308 1809 4394 insti·

268 4450 270 4453 ψ
403 4397 614 4479 tutionem
634 4403 841 4508 puerilem
860 4408 983 4491 utilia
1001 4411 1264 4512 existimavi,
1293 4435 1461 4501 rumex
1482 4418 1613 4502 Fabio
1635 4419 1808 4534 Quinti·

403 4506 538 4606 liano,
557 4507 603 4591 dt
622 4509 714 4595 aliis
733 4518 939 4600 nonnullis
957 4518 1166 4620 colledla,
1194 4543 1289 4608 tum
1309 4555 1332 4612 a
1354 4529 1558 4639 magistris
1576 4534 1683 4616 meis
1701 4529 1807 4615 olim

403 4614 510 4700 mihi
532 4617 713 4722 tradita,
742 4623 830 4710 &a
853 4655 921 4710 me
939 4625 1064 4820 lonpo
1078 4628 1168 4727 jam
1188 4659 1240 4718 ex
1274 4641 1481 4723 crimenro
1499 4642 1807 4752 explorata,ac

401 4749 651 4837 comperta,
681 4731 796 4819 brevi
827 4736 972 4821 libello
1021 4734 1102 4821 um'
1122 4665 1401 4854 complexus,
1429 4750 1476 4835 dt
1506 4749 1595 4855 ejus
1626 4752 1807 4854 schola,

400 4865 530 4949 quarn
551 4837 646 4924 urbi
668 4844 810 4929 vestra
829 4856 1016 4932 maxime
1042 4851 1304 4940 necessariam
1334 4862 1542 4963 arbitror,
1571 4865 1804 4975 imaginem

398 4950 631 5060 quamdam
650 4952 818 5055 effinxi,
847 4980 897 5040 ut
915 4958 942 5041 sr
963 4988 1049 5045 non¹
1061 4960 1355 5076 displicuisset,
1386 4975 1452 5055 vel
1468 4974 1558 5074 jam
1578 5003 1713 5075 nunc,
1737 4972 1811 5058 vel·

340 5066 343 5071 ’
398 5083 512 5153 certe
526 5065 612 5151 alio
629 5065 773 5182 aliquo
792 5093 985 5185 tempore
1003 5099 1100 5159 etam
1118 5074 1406 5188 institueretis3
1419 5084 1582 5196 quodsi
1603 5082 1805 5276 fecplriltis,

458 5229 461 5237 =
1633 5222 1671 5281 m
1709 5222 1720 5278 r
