4459 6750
830 905 1352 1021 Porrrcm
1635 949 1724 1030 ιη

399 1041 1016 1153 Ludovidrm-Britannicum
1035 1089 1107 1151 an.
1127 1094 1143 1147 1
1159 1069 1271 1172 528.
1294 1088 1385 1149 una
1408 1085 1519 1147 cum
1543 1045 1647 1148 aliis
1670 1062 1801 1152 §.Ba-

400 1183 513 1304 filii,
534 1198 575 1285 S.
589 1195 893 1327 Hieronymi,
913 1189 1268 1330 Xenophontis,
1282 1204 1328 1289 δι
1342 1186 1574 1289 Plutarchi
1592 1188 1648 1286 ad
1673 1190 1798 1289 idem

401 1328 1085 1463 argumentumpertinentibus
1100 1339 1294 1464 Scriptis.
1309 1333 1536 1444 Joannenr
1550 1329 1800 1464 Baptistam

402 1460 683 1561 Benivolum
697 1539 712 1581 ,
737 1475 1006 1563 Brixianum
1019 1472 1129 1599 ,qui
1154 1473 1314 1562 omnia
1340 1476 1393 1561 in'
1416 1506 1471 1562 eo
1492 1462 1650 1566 libello
1667 1504 1799 1567 corn.

400 1597 624 1738 prehensa
663 1610 959 1739 recognovit,
997 1601 1309 1703 Balneacartus
1346 1610 1397 1707 in
1435 1601 1560 1703 hunc
1596 1605 1799 1709 modum

402 1741 776 1842 commendavit:

591 1896 822 1983 Calimerius
848 1901 1100 2015 Regneeerus
1120 1897 1195 2009 Je.
1212 1895 1392 2012 Baptistae
1418 1894 1620 2017 Bmioolo,

508 2042 696 2144 optarem
716 2038 822 2153 bifidi
848 2040 1005 2156 terigrffe
1024 2047 1225 2126 cacumina
1244 2048 1402 2146 montis,

567 2152 626 2231 Et
646 2172 765 2255 eaput
787 2156 920 2233 Aoniis
945 2150 1181 2266 immaduisse
1198 2154 1331 2237 vadis.

510 2262 632 2340 Nune
650 2282 692 2342 te
708 2289 807 2344 nune
835 2290 1036 2362 canerem,
1063 2291 1132 2346 nee
1156 2291 1238 2362 me,
1251 2262 1446 2378 Baptisla,
1460 2265 1635 2371 pigeret,

565 2376 613 2450 In
641 2369 779 2468 decus,
799 2373 993 2465 &lauder
1014 2373 1164 2486 solvere
1190 2371 1278 2460 erla
1300 2399 1410 2461 tear.
1524 2443 1526 2448 .

508 2487 611 2598 Qir
638 2511 746 2589 mage
764 2488 924 2567 eierare
943 2483 1076 2567 dolius
1101 2483 1281 2678 discenda
1300 2509 1473 2570 eateroae

566 2593 777 2675 Tradere?
806 2601 887 2700 quir
907 2620 1056 2699 turpem
1079 2617 1126 2700 pe
1142 2600 1218 2679 lere
1246 2597 1490 2681 barbariem?
1539 2611 1542 2616 '

506 2703 693 2817 Informer
712 2705 1025 2814 veterumfacies
1043 2710 1082 2786 in
1101 2705 1234 2790 lueida
1251 2707 1447 2806 membra,

451 2885 455 2893 .
564 2818 622 2897 Er
643 2815 734 2900 bene
763 2815 981 2930 dislirliam
1010 2821 1133 2901 vertir
1164 2823 1204 2898 in
1233 2816 1415 2939 effigiem.

508 2925 701 3041 Castigar,
719 2954 833 3036 auger
843 2987 857 3029 ,
877 2928 1051 3040 resecas,
1071 2931 1267 3032 Latioque
1285 2929 1413 3012 decori

571 3046 660 3120 Dar
679 3098 691 3136 ,
710 3067 795 3141 quae
815 3038 956 3137 judicio
976 3038 1057 3148 fiet
1082 3037 1458 3144 placituravirum.

517 3160 668 3253 Perge,
684 3172 840 3253 precor,
857 3149 966 3230 libror
985 3147 1042 3256 fic
1059 3148 1245 3262 illustrare
1263 3201 1279 3244 ,
1297 3147 1466 3260 supellex
1490 3158 1495 3165 '

568 3263 731 3342 AErerrri
757 3257 911 3368 causam
939 3263 1095 3340 nominis
1115 3257 1193 3366 isla
1217 3255 1348 3338 dabir.

469 3399 632 3501 Aliam
674 3398 928 3501 eorundem
955 3393 1303 3534 Opulculorum
1332 3394 1598 3494 Editionem
1629 3396 1808 3498 Floren-

399 3551 472 3646 tiae
497 3576 575 3676 per
598 3533 883 3636 Francilcum
902 3546 1087 3633 Dinum
1118 3534 1326 3634 emiliam
1347 3570 1537 3636 exornat
1558 3534 1615 3646 ad
1635 3536 1811 3636 'calcem

406 3677 663 3781 voluminis
695 3671 896 3811 Epistola
933 3678 1124 3791 loannis
1149 3672 1432 3811 Calphurnii
1469 3673 1612 3770 nostri
1644 3676 1705 3772 ad
1731 3686 1812 3774 Le-

406 3831 617 3937 &orem‚
640 3826 769 3937 cujus
793 3820 1014 3909 initium:
1043 3815 1223 3925 Hales,
1245 3824 1398 3944 optime
1416 3813 1568 3915 Leilor
1591 3817 1670 3939 (re
1698 3828 1809 3917 enim

409 3959 600 4095 appello,
617 3964 692 4090 qui
703 3954 800 4090 jam
815 3979 945 4089 parer
960 3943 1526 4088 efflrlus)quemedrrrodum
1548 3952 1569 4045 l
1576 3951 1702 4049 'beros
1719 3984 1816 4051 rues

404 4106 464 4205 ὠ*
484 4098 708 4225 diligenter
730 4093 935 4206 educere,
957 4093 1014 4195 ὼ
1031 4089 1262 4221 preclaris
1284 4084 1555 4217 disciplicirrir
1583 4123 1666 4199 ,ae
1688 4101 1817 4190 mori-

405 4241 485 4338 bus
509 4231 723 4365 insliruere
750 4225 879 4367 poffls
904 4304 914 4324 .
941 4228 1159 4333 Auream
1179 4255 1358 4336 arerem,
1387 4221 1540 4356 quibus
1564 4222 1653 4322 hec
1682 4233 1818 4326 corrri-

407 4401 596 4489 remur,
625 4370 861 4506 hujusmodi
874 4364 1009 4498 serr,
1047 4394 1122 4481 ur,
1144 4362 1353 4499 quidquid
1376 4360 1564 4462 dixerim
1584 4436 1597 4478 ,
1608 4358 1711 4492 sere
1733 4391 1819 4501 pro

412 4521 503 4646 lege
534 4509 769 4611 halendum
785 4507 871 4636 stt.

484 4661 566 4749 XI.
602 4653 800 4767 Joannes
823 4649 1001 4768 Marios
1016 4649 1201 4771 Marius
1221 4717 1235 4759 ‚
1259 4642 1315 4743 de
1338 4682 1434 4782 quo
1461 4678 1558 4741 non
1581 4637 1719 4742 semel
1744 4635 1816 4742 lu·

410 4798 568 4934 petius
588 4788 771 4887 dielum
792 4785 888 4902 est,
924 4821 977 4883 ut
996 4791 1220 4883 Brixianis
1238 4794 1385 4884 Poetis
1413 4777 1722 4901 accenseatur,
1749 4777 1821 4879 fa-

410 4942 480 5033 cit
515 4967 611 5028 non
638 4922 790 5026 solum
820 4938 916 5050 ejus
943 4923 1224 5022 carmenad
1247 4922 1574 5063 Bologninum·
1595 4920 1817 5057 Bologni·

417 5109 567 5175 neum
585 5067 741 5206 ,quod
764 5075 813 5167 in
830 5070 1029 5205 Taygeti
1043 5059 1330 5169 Collenione
1349 5069 1560 5169 recitatur
1571 5133 1587 5179 ‚
1602 5056 1678 5159 sed
1701 5056 1816 5153 alio-

496 5209 551 5313 Ρ,
564 5208 629 5313 ΙΙ,
1123 5208 1215 5341 G'g
1651 5226 1758 5293 rum
