4459 6750
499 904 560 1002 96
625 1008 630 1017 ι
748 1010 754 1023 ὁ
824 878 1030 1002 uRA
1063 883 1185 992 To
1221 882 1430 1010 ΚΜ·

424 1021 680 1120 credebaut,
699 1041 830 1132 quam
852 1039 902 1103 ut
922 1019 1228 1134 Philosophum
1248 1029 1304 1112 dt
1325 1027 1448 1111 =Viros
1467 1022 1611 1130 graves
1631 1014 1686 1096 de
1705 1013 1754 1098 iis
1775 1008 1836 1093 lo·

424 1141 496 1244 qui
521 1136 716 1218 deceret.
756 1130 910 1214 Cicero
931 1156 1046 1214 certe
1062 1164 1078 1230 ,·
1097 1154 1147 1214 ut
1164 1138 1292 1218 abeo
1313 1137 1583 1243 incipiamus,
1613 1130 1683 1233 qui
1716 1124 1833 1206 hanc

424 1248 527 1328 artis
545 1240 764 1323 rhetoricae
823 1260 960 1323 artem
980 1243 1127 1324 multo'
1151 1244 1419 1353 diligentius,
1446 1264 1574 1346 quam
1603 1234 1834 1342 quisquam

421 1356 593 1449 eorum,
621 1349 774 1460 quibo
807 1354 843 1432 ie
873 1350 1096 1460 leguntur,
1114 1353 1350 1435 elaboravit
1378 1409 1390 1446 ,
1420 1379 1520 1434 curn
1543 1345 1590 1426 L.
1613 1345 1828 1435 crarium,

424 1459 577 1545 Virum
596 1459 942 1553 consularem,de
955 1457 1025 1539 --his
1045 1456 1170 1537 rebus
1190 1459 1477 1564 disputantem
1504 1450 1830 1540 introduxisset,

422 1599 573 1678 parum
595 1569 685 1656 fore
713 1573 916 1653 decorum
941 1565 1187 1666 judicavit,
1217 1564 1245 1647 fi
1277 1568 1384 1647 tanti
1406 1564 1497 1645 Viri
1531 1563 1751 1674 personam
1773 1559 1825 1642 ad

422 1684 601 1766 humilia
621 1683 696 1765 ilia
712 1698 926 1788 praecepta
949 1673 1202 1761 demifislet.
1234 1675 1416 1758 Proinde
1437 1675 1559 1759 illum
1583 1678 1641 1758 ita
1663 1676 1829 1783 loquen-

421 1815 511 1875 tem
535 1791 654 1875 finsit
667 1850 680 1891 ,
703 1813 759 1874 ut
778 1789 833 1874 ab
853 1793 901 1873 iis
919 1789 1074 1886 modo,
1105 1788 1290 1898 quirem
1320 1814 1514 1897 exparte
1536 1813 1683 1894 magna
1717 1810 1830 1867 tene-

418 1925 537 2000 rent,
568 1901 697 2017 pollet
718 1901 924 2010 intelligi.
978 1899 1060 1986 Sed
1091 1926 1141 1981 ne
1172 1899 1213 1980 in
1234 1899 1419 1982 Oratore
1448 1900 1645 2010 quidem.
1674 1899 1828 2005 inquo

422 2014 509 2120 ipse
529 2016 744 2127 loquitur,
773 2015 817 2098 id
838 2011 935 2096 latis
954 2011 1123 2097 honeste
1143 2007 1185 2093 se
1205 2007 1473 2122 pollesace-re
1492 2010 1548 2091 eli
1569 2007 1828 2093 arbitratus.

421 2126 660 2212 Verebatur
680 2127 794 2210 enim
845 2145 893 2208 ut
913 2124 1000 2233 ipse
1029 2120 1208 2221 scribit,
1229 2119 1403 2206 suturos
1429 2121 1508 2206 elle
1529 2122 1691 2231 aliquos
1710 2179 1722 2218 ,
1754 2118 1825 2228 qui

417 2262 499 2320 non
519 2240 756 2335 censerent,
778 2235 865 2338 ejus
886 2235 978 2319 Viti
997 2232 1163 2333 effnde
1185 2232 1303 2334 cujus
1324 2254 1441 2319 tanta
1463 2237 1639 2317 Senatus
1665 2230 1825 2331 judicia

420 2345 577 2433 fecisset
597 2347 903 2459 comprobante
925 2347 1106 2457 populo,
1124 2368 1283 2455 quanta
1303 2345 1356 2427 de
1376 2346 1514 2441 nullo,
1527 2346 1587 2429 ad
1607 2343 1825 2453 hac,q.uae

418 2459 705 2549 Grammatici
727 2462 976 2574 potius‚aut
996 2455 1198 2567 Sophistae
1216 2456 1369 2553 essent,
1395 2458 1440 2541 se
1460 2457 1712 2540 demittere.
1743 2455 1828 2536 lta·

418 2599 528 2685 que,
558 2597 607 2659 ut
628 2578 669 2659 in
687 2602 738 2658 eo
758 2572 955 2681 loco,qui
978 2569 1030 2651 de
1050 2573 1203 2678 tropis,
1234 2596 1307 2668 ea,
1336 2573 1429 2680 quae
1448 2566 1632 2679 speciose
1651 2567 1734 2650 dici
1752 2593 1827 2673 ,po-

416 2704 581 2788 terant‚
602 2688 832 2797 diligenter
856 2684 1023 2767 ornavit
1052 2740 1064 2779 ,
1094 2679 1180 2778 fic,
1210 2708 1310 2763 cum
1340 2679 1609 2766 tradiandum
1643 2676 1739 2762 ellet
1772 2678 1826 2759 de

416 2823 620 2896 numero,
649 2797 677 2877 fi
699 2797 802 2904 quid
823 2800 862 2877 in
877 2821 931 2877 ca
953 2820 997 2874 re
1016 2789 1101 2874 fuit
1118 2814 1312 2887 ornatus,
1336 2791 1653 2903 &eloquentiae
1673 2802 1826 2897 capam

417 2903 459 2983 id
483 2903 597 2986 haud
618 2907 863 2986 cunctanter
882 2902 1090 3010 expolivit
1108 2929 1119 3000 3
1152 2929 1200 2985 ea
1220 2928 1321 2985 vero
1340 2916 1353 3001 ,“
1372 2928 1467 3015 quat
1487 2900 1828 3012 magnificentius

416 3009 551 3110 fiunt,
578 3038 710 3124 quam
730 3012 970 3108 docentur,
999 3012 1189 3097 universa
1217 3013 1498 3127 contempsit.
1536 3014 1663 3112 Quod
1686 3012 1825 3123 ipsum

414 3121 704 3208 multoeciam
725 3122 982 3206 manifestius
1001 3123 1041 3204 in
1063 3119 1251 3230 utrisque
1271 3123 1558 3210 schematibus
1585 3123 1711 3226 fecit3
1732 3151 1824 3236 quae

415 3233 516 3319 licet
547 3236 710 3322 videret
731 3235 811 3319 efie
829 3234 1036 3346 plutima,
1068 3233 1114 3316 dr
1136 3238 1184 3317 iis
1203 3234 1290 3343 ipse
1308 3245 1413 3320 unus
1431 3239 1625 3322 omnium
1649 3234 1825 3320 felicissi-

412 3374 483 3430 me
512 3371 737 3450 uteretur,
776 3377 825 3436 ac
864 3346 988 3432 sciret
1018 3347 1317 3433 Demosthenis
1347 3349 1635 3458 eloquentiam
1664 3349 1824 3434 idcireo

412 3465 603 3546 maxime
622 3463 884 3546 laudabilem
904 3461 982 3540 elle
993 3459 1305 3555 existimatam,
1325 3462 1440 3569 quod
1460 3461 1515 3545 ab
1535 3489 1586 3546 eo
1609 3461 1749 3546 nullus
1763 3459 1826 3545 fe·

412 3596 456 3650 re
485 3576 601 3652 locus
620 3571 701 3647 fine
730 3570 916 3673 quadarn
947 3563 1282 3651 conformatione
1306 3571 1527 3655 :sententiat
1547 3574 1734 3659 dicitur:
1767 3595 1827 3659 ta·

411 3704 535 3772 men,
564 3678 664 3783 quia
688 3675 796 3755 vidit
826 3700 918 3755 rem
949 3701 1029 3755 non
1059 3676 1169 3784 posse
1188 3680 1391 3788 explicati
1413 3681 1534 3770 fimo}
1555 3740 1569 3782 ,
1589 3684 1638 3768 ἀ
1656 3689 1823 3787 ornari,

411 3804 557 3867 totum
577 3810 677 3865 eum
707 3784 849 3866 locum
877 3784 1095 3885 devitans,
1125 3786 1207 3873 fine
1237 3791 1333 3875 ullis
1362 3792 1713 3897 definitionibus,
1738 3796 1825 3881 fine

412 3894 639 4007 exemplis,
669 3896 744 3979 vix
764 3893 868 3978 bene
886 3894 1043 4090 singula
1063 3898 1229 4007 fingulis
1246 3906 1602 4016 appellationibus
1622 3910 1822 4010 iudicans,

407 4007 751 4120 praetervolavit.
786 4005 918 4124 Qiorl
955 4006 1100 4093 aetum
1120 4011 1246 4098 suum
1272 4043 1376 4099 cum
1406 4020 1660 4130 intelligeret
1677 4023 1821 4106 latere

405 4149 487 4207 non
508 4119 651 4232 polle,
675 4117 875 4203 Crassum
898 4117 1022 4202 fiuxit
1043 4123 1281 4219 dicentem,
1310 4129 1581 4217 admonitum
1608 4138 1654 4216 se
1668 4162 1700 4217 a
1722 4133 1820 4218 Sole

403 4232 495 4333 jam
518 4233 808 4343 precipitante
829 4231 1081 4342 properasse.
1115 4234 1359 4323 anratore
1378 4268 1529 4350 porro,
1547 4272 1647 4330 cum
1667 4246 1821 4331 eadem

402 4343 492 4448 ipsa
515 4344 733 4426 celeritate
755 4343 896 4425 locum
920 4345 1222 4455 pertransisset,
1251 4351 1450 4436 causatus
1469 4360 1525 4438 eli
1547 4355 1635 4457 ejus
1652 4360 1715 4440 -rei
1745 4358 1820 4440 do·

406 4453 589 4537 etrinam
608 4449 687 4534 else
707 4452 950 4560 vulgarem.
979 4478 1095 4543 ratus
1113 4485 1162 4543 ea
1182 4460 1235 4544 ele
1254 4463 1378 4548 causa
1397 4461 1563 4551 facilius
1580 4473 1754 4554 ueniam
1772 4466 1818 4551 fi·

405 4565 447 4648 bi
475 4565 631 4648 debere
652 4565 852 4645 concedi.
885 4566 1122 4649 Aristotelis
1143 4570 1399 4660 brevitatem
1432 4580 1497 4663 vel
1515 4580 1703 4690 personat
1725 4580 1832 4690 phi·‘

402 4674 630 4786 losophicae
649 4677 862 4784 gravitas,
882 4676 949 4758 vel
962 4704 1239 4778 uumerus‚ac
1256 4692 1509 4799 magnitudo
1528 4718 1672 4776 rerum
1685 4718 1813 4805 ,quas

401 4785 667 4898 conscripsit,
698 4786 895 4870 excusat.
937 4785 1133 4898 Reliquis
1154 4798 1367 4884 vetetrbus
1387 4821 1434 4885 ut
1456 4804 1750 4914 ignoscamus.
1772 4804 1815 4888 il·

397 4900 473 4986 lud
497 4896 666 4983 fortasse
686 4894 886 4996 suadeat,
913 4898 1029 5011 quod
1049 4902 1204 4991 horum
1238 4912 1482 5024 principiae
1504 4915 1809 5003 Grammatico

399 5016 460 5099 ita
492 5012 572 5096 elle
590 5012 750 5096 tradita
770 5011 981 5122 putabant
1002 5036 1096 5118 ,ut
1110 5021 1332 5105 accedenti
1355 5026 1416 5109 ad
1446 5027 1699 5131 rhetorem,
1731 5053 1809 5114 nou

400 5144 490 5216 tam
513 5126 776 5217 institutione
794 5125 981 5239 integ-ra,
1010 5133 1245 5243 quamlevi
1272 5141 1563 5229 admonitione
1592 5169 1702 5255 opus
1732 5141 1816 5227 esse

1642 5256 1748 5344 vide
