4459 6750
849 887 1359 1003 POETICA
1652 910 1740 991 a&

402 1013 597 1177 tribuet?
630 1024 726 1152 Qr·
741 1043 922 1162 perenni
934 1031 1085 1161 studio
1102 1042 1299 1153 Grecis,
1322 1060 1463 1167 acque·
1479 1032 1661 1134 Latinis
1672 1021 1828 1156 Musts

390 1166 523 1294 sacra
559 1161 711 1288 feam,
747 1178 823 1301 qni
858 1179 1024 1297 ingenie
1047 1170 1218 1296 fhver,
1250 1171 1539 1304 prodniiaqne
1573 1181 1621 1268 in
1658 1180 1825 1300 regiam

401 1299 561 1403 erudiri
589 1299 806 1440 Principio
827 1305 1113 1422 liberalitate,
1142 1316 1348 1441 protinus
1382 1310 1624 1409 exornanda
1652 1318 1696 1407 in
1725 1308 1816 1406 luce

407 1439 648 1572 constituit.

476 1588 812 1716 Epigramma,
847 1621 944 1724 quo
976 1585 1033 1683 de
1066 1582 1227 1684 Bellaii
1263 1582 1322 1684 ab
1358 1579 1484 1682 Urbe
1519 1578 1706 1682 discessu
1738 1591 1815 1678 Sa-

403 1713 530 1815 baeus
551 1733 878 1860 conqueritur,
911 1733 1104 1846 eximias
1125 1737 1221 1850 ejus
1241 1724 1371 1826 dotes
1391 1717 1589 1821 extollit.
1628 1719 1705 1818 Est
1733 1753 1814 1816 au-

407 1892 506 1991 eem
532 1857 841 1986 hujusmodi,
864 1899 966 2004 pag.
985 1902 1100 1984 452.

703 2103 709 2116 ,
786 2046 868 2139 ‹Ad
894 2009 1279 2164 HenrieumRegcm¹
1292 2048 1458 2134 Gallia.

585 2189 633 2273 in
667 2185 833 2303 discessu
865 2188 916 2273 ab
943 2189 1047 2274 Urbe
1066 2187 1141 2304 Jo.
1158 2189 1292 2274 Belleii
1320 2188 1435 2272 cara.
1451 2182 1644 2289 Parisini·

518 2346 777 2451 Magnanime
795 2374 815 2426 a
835 2347 1039 2453 Princeps,
1061 2342 1203 2447 ecquid
1219 2347 1462 2449 peccavimus
1490 2341 1532 2419 in
1550 2342 1619 2420 te?

576 2457 763 2563 Supplicia
791 2452 952 2565 insontes
975 2451 1181 2559 pleiiimur
1198 2459 1432 2562 eecegraoi.

519 2567 703 2678 Eripuifli
720 2566 852 2662 illurn,
872 2593 982 2668 quem
1000 2564 1126 2648 dicere
1141 2563 1320 2679 poffumue
1339 2562 1440 2646 urbis
1588 2565 1590 2568 ‘

577 2680 807 2777 Latitiam,
824 2675 982 2762 laudem
991 2736 1003 2776 ,
1021 2675 1169 2768 lumen,
1188 2673 1231 2759 d
1248 2673 1444 2759 illecebras
1454 2699 1479 2752 .·

517 2789 579 2870 Ee
596 2786 775 2897 desolate
784 2791 1009 2887 ,morientis
1028 2784 1215 2870 Pallados
1244 2786 1285 2868 θ
1296 2784 1401 2894 spem
1408 2810 1430 2885 ,·

573 2901 679 2993 Herc
700 2897 823 3013 Musae
839 2897 922 2982 bec
939 2899 1138 2997 clamant,
1157 2901 1357 2999 Romaque
1375 2892 1502 3004 nrmssa
1510 2885 1656 2996 stanni:

520 3013 610 3126 Qo
631 3030 676 3090 tu
689 3067 700 3103 ,
713 3017 920 3109 Mecoenac‚
937 3021 1199 3115 properanrae
1216 3008 1405 3114 proripis?
1435 3001 1478 3083 (5
1498 3022 1546 3081 tu

578 3116 694 3234 ,Quid
710 3124 811 3220 rapis
836 3147 858 3199 e
884 3118 1015 3228 nostro,
1036 3125 1137 3216 Rex,
1156 3117 1382 3201 Phaetonta
1394 3110 1480 3220 polo
1499 3116 1520 3187 ἕ

521 3225 698 3310 Belleum
709 3225 854 3336 fuerat
872 3225 1004 3309 melius
1022 3253 1095 3308 non
1112 3225 1258 3336 noscere
1278 3226 1403 3324 nobie,

579 3339 716 3449 Qum
727 3333 893 3445 speraffe
911 3333 1006 3431 diu2'
1031 3334 1104 3448 poss
1124 3334 1280 3445 carniffe
1307 3335 1434 3413 brevi.

481 3465 642 3570 Bellaii
681 3475 732 3563 in
762 3458 1323 3602 pangendis'c'arminibus
1355 3458 1623 3566 felicitatem
1648 3459 1829 3566 Sabaeus

405 3622 459 3716 in
485 3611 614 3714 hunc
632 3603 833 3708 modum
847 3599 1148 3702 commendat
1171 3633 1273 3741 pag.
1293 3596 1406 3725 527.

689 3761 770 3849 add
783 3758 982 3875 Joannem
1001 3758 1168 3845 Belicam
1186 3760 1301 3844 Cara.
1313 3761 1551 3865 Paristnum·

522 3910 680 3994 Somnia
686 3900 770 4013 stat
793 3881 922 4011 testei,
939 3897 1026 3984 belii
1053 3899 1096 3983 (r
1107 3899 1343 4007 stmulachea
1357 3899 1489 4010 jocost,

579 4023 714 4136 Qum
733 4034 775 4096 te
792 4008 956 4103 Phaine
973 4031 1107 4110 amat,
1127 4004 1372 4124 Pieridesque
1380 4011 1547 4125 favent.
1579 4045 1583 4051 ·

523 4142 703 4238 Pangere
721 4129 800 4208 non'
807 4132 960 4229 poterae
976 4143 1045 4229 per
1061 4120 1211 4224 [uenena
1228 4127 1381 4229 negotia
1395 4150 1574 4226 carmen,

581 4246 628 4323 In
636 4235 794 4351 somna,
814 4232 857 4317 &
874 4228 958 4343 lusu
976 4237 1156 4315 carmina
1173 4230 1284 4317 culta
1294 4230 1417 4343 facis.

522 4354 697 4458 Contigit
708 4341 866 4457 Hcfiodo
883 4342 1114 4454 persennia
1131 4340 1240 4458 ineffe
1253 4363 1432 4448 poetam,

578 4474 659 4546 Per
670 4454 842 4569 somnum
861 4452 1262 4559 uatec'Arnpbiaraue
1279 4475 1391 4538 erac.

523 4582 581 4661 Hi
599 4572 703 4660 curis
730 4563 1027 4675 oacuifuerant
1036 4623 1050 4664 ,
1070 4585 1118 4647 tu
1136 4563 1288 4648 oiediur
1305 4562 1439 4649 ahenis

578 4690 778 4770 Cunarum
805 4673 945 4776 noeiie,
972 4674 1139 4779 retibus,
1165 4674 1209 4760 ὰ
1228 4674 1394 4780 laqueis.

963 4836 1049 4923 Aa
1078 4834 1256 4919 eundem,
1366 4819 1369 4829 ’

523 5000 634 5101 June
649 4990 793 5078 cubans
815 4990 983 5084 recinis,-
1006 4981 1139 5073 ludens
1159 4983 1552 5089 (ruminandi,

577 5102 738 5213 Ecquid
755 5130 871 5212 quum
889 5091 1074 5218 studeae,
1093 5092 1137 5184 θ
1157 5094 1482 5207 vigilabir,-erit3

1707 5235 1773 5320 Ae
