4459 6750
459 912 573 1028 :554¹
841 896 902 1005 ‘P
936 900 976 1014 0
1012 897 1062 1006 Ε·
1096 889 1204 1007 TI
1238 889 1365 1001 CA·
1802 1006 1806 1017 Ι

396 1034 689 1176 decasyllabis
712 1043 763 1147 in
791 1033 982 1153 lwdem‘
1011 1022 1520 1167 ejusdem-cardinalis,
1548 1022 1685 1156 eique
1711 1022 1807 1115 He-

403 1178 644 1285 xastichon
682 1185 847 1317 pariter
881 1181 1076 1280 Carolus
1105 1172 1350 1317 inscripsit.
1389 1159 1815 1315 Commendonum

396 1316 699 1424 Cardinalem
722 1315 924 1423 versibus
944 1330 1086 1423 etiam
1113 1313 1369 1424 condendis
1392 1294 1648 1416 excelluisse
1661 1341 1675 1416 3
1691 1304 1810 1435 quin

375 1462 488 1563 ·hos
522 1470 725 1599 primam
760 1453 893 1559 fuiffe
931 1457 1071 1596 iplrus
1115 1457 1175 1557 ad
1213 1449 1396 1572 lulium
1430 1458 1504 1555 111.
1541 1434 1811 1542 Pontificem

395 1597 894 1716 commendationem,
917 1599 1070 1735 prodit
1098 1605 1149 1703 in
1170 1589 1375 1721 eiusdem
1400 1594 1519 1690 Vitae
1544 1577 1626 1682 lib.
1649 1623 1689 1678 1.
1712 1619 1750 1676 c.
1772 1595 1806 1675 8.

401 1746 637 1843 Antonius
662 1744 814 1845 Maria
841 1747 1116 1857 Gratianus,
1141 1769 1328 1841 narrans
1350 1725 1534 1850 lulium
1561 1721 1713 1825 honis
1738 1759 1806 1817 ex-

401 1916 470 1982 tra
496 1893 684 1983 Portam
713 1877 992 1985 Flaminiam
1020 1920 1046 1979 a
1075 1873 1118 1984 se
1143 1874 1398 1990 aedificatis,
1437 1859 1589 1969 versus
1622 1873 1810 1963 a‘Com-

404 2021 642 2119 mendono
666 2016 944 2156 compositos
974 2013 1169 2159 insculpi
1199 2008 1392 2142 iussisse,
1429 2044 1547 2146 quos
1582 2010 1810 2103 nimirum

403 2155 596 2295 reliquis
619 2152 879 2281 omnibus,
913 2194 1146 2297 quotquot
1182 2195 1280 2258 non
1313 2161 1478 2259 Romae
1511 2142 1705 2260 solum,
1741 2137 1808 2239 sed

404 2332 483 2431 per
506 2293 683 2394 Italiam
707 2293 897 2437 quoque
920 2373 935 2418 ,
961 2300 1127 2399 decora
1158 2303 1377 2434 ingenia,
1413 2326 1463 2388 ea
1501 2319 1679 2422 arrepta
1709 2318 1803 2379 ma-

401 2442 537 2552 teria,
573 2446 781 2535 certatim
799 2439 1067 2556 ediderant,
1099 2433 1403 2578 praeferendos
1422 2426 1735 2528 existimavit.

473 2582 604 2674 XVI.
639 2586 761 2699 Inter
783 2586 1019 2687 Brixianos
1036 2588 1193 2683 Poetas
1223 2612 1276 2677 ut
1299 2569 1427 2677 locus
1448 2564 1644 2704 aliquis,
1663 2601 1747 2661 nec
1770 2567 1804 2657 is

402 2713 598 2848 quidem
630 2715 929 2852 postremu5‚
965 2727 1147 2823 Comici
1181 2720 1407 2819 Brunorio
1435 2704 1679 2808 Gambarae
1718 2696 1808 2798 alir-

403 2884 571 2985 guetur
603 2928 617 2969 ,
654 2851 763 2955 facit
801 2869 846 2955 P.
876 2855 1134 2963 Franciscur
1165 2854 1382 2995 Spinula,
1403 2847 1459 2948 de
1486 2885 1581 2986 quo
1608 2841 1809 2980 superius

406 2982 614 3122 pluribus
637 2985 768 3125 locis.
808 3005 900 3092 Hic
924 3005 1052 3106 enim
1077 3035 1173 3096 non
1197 2992 1349 3103 solum
1371 2984 1574 3093 uersrbus
1597 2979 1690 3087 suis
1716 3020 1807 3080 ma-

403 3157 604 3261 gnopere
624 3127 823 3232 excoluit
842 3137 1049 3241 eundem
1070 3142 1357 3243 Brunorium
1369 3207 1385 3251 ,
1426 3127 1729 3263 laudavitque
1752 3117 1807 3219 ob

401 3272 587 3399 Poetloee
616 3305 741 3373 Venae
761 3267 1064 3397 felicitatem,
1098 3271 1177 3380 sed
1196 3309 1404 3417 praeterea
1437 3265 1568 3409 plura
1593 3268 1807 3365 Brunotii

401 3413 609 3503 carmina
636 3405 819 3512 suismet
847 3424 1074 3517 Poematis
1101 3412 1342 3516 inserenda
1377 3420 1591 3513 curavit.
1640 3415 1700 3504 lis
1735 3412 1808 3501 ita-

298 3555 301 3564 '
403 3576 496 3673 que
520 3558 768 3668 coniundia
802 3550 961 3652 visitur
981 3552 1257 3698 subsequens
1279 3551 1440 3688 Elegia
1458 3562 1661 3647 Poemat.
1677 3540 1754 3643 lib.
1772 3581 1806 3636 ι.

540 3764 622 3862 {Ad
646 3785 693 3873 P.
710 3776 880 3888 Francis
873 3809 959 3870 cum
979 3787 1182 3901 spinulam
1206 3763 1685 3904 MediolJolBrunorius

787 3925 988 4015 Gambara
1011 3933 1254 4033 Brixionur,
1283 3935 1428 4024 Comes.

519 4092 591 4173 Vix
619 4090 780 4181 tandem
804 4098 934 4204 patrio
964 4102 1108 4192 retiner
1139 4122 1179 4185 te
1197 4099 1337 4183 Brixia
1363 4097 1504 4199 vultu,

578 4207 703 4291 Dives
732 4232 863 4315 opum,
897 4210 939 4293 Cr·
960 4216 1102 4298 Veneto
1130 4212 1226 4297 laeta
1247 4208 1317 4324 sub
1348 4216 1524 4321 imperio,

510 4311 594 4423 istic
622 4320 802 4426 ingenuas
831 4348 978 4404 exercet
997 4322 1176 4407 Palladit
1203 4345 1334 4424 artat,

568 4434 702 4532 Atque
730 4436 831 4514 inter
851 4432 985 4545 Musas
1013 4463 1083 4519 ora
1107 4432 1259 4551 diserta
1287 4463 1427 4521 moves.

509 4536 563 4618 Id
586 4563 715 4646 nempe
742 4538 802 4623 ad
819 4542 964 4653 “nostras
993 4574 1120 4629 rumor
1144 4544 1309 4652 quidam
1337 4546 1480 4635 attulit
1498 4569 1637 4645 aures,

564 4651 630 4727 Tu
651 4674 784 4734 tamen
802 4652 876 4733 buc
900 4659 1067 4760 primum
1085 4656 1253 4767 scribere
1281 4658 1465 4744 debuerat
1474 4682 1493 4755 ,⁸

506 4757 576 4835 Ne
604 4776 761 4887 tanturn
788 4790 862 4844 non
880 4785 973 4847 nora
1000 4763 1114 4880 tffent
1139 4787 1216 4858 tua
1237 4765 1433 4853 commoda
1461 4763 1583 4867 nobis,

472 4975 483 4988 ..
563 4866 706 4978 ,Quare
732 4894 812 4972 prae
840 4875 1010 4974 cundia,
1036 4877 1227 4980 Spionia,
1249 4881 1463 4989 diligimus.

485 4991 489 4996 ’
517 4973 684 5058 redcur
701 4975 770 5090 isla
788 4987 906 5088 magir
932 5010 1075 5093 cupere
1098 4987 1278 5090 oblivia‚'
1294 4995 1436 5096 miror,

569 5092 657 5194 Tr,
685 5089 792 5199 quod
815 5091 864 5182 ab
891 5093 1006 5212 officii
1020 5099 1130 5194 ἵππι’
1143 5107 1220 5191 tito
1247 5099 1451 5214 destiterim

1668 5223 1758 5305 Nec
