4459 6750
808 905 1013 1030 ΘΚΛ
1046 910 1104 1016 T
1129 911 1171 1017 O¹
1202 908 1406 1031 RIA·
1639 919 1740 1030 ἠς

409 1029 648 1149 deregnum·
662 1041 780 1128 nobis
798 1101 813 1144 ,
833 1069 909 1131 aut
930 1050 1071 1159 potius
1088 1051 1324 1163 respublica
1352 1045 1547 1159 quaedam
1564 1035 1729 1162 optima
1749 1044 1810 1133 rei

408 1149 553 1236 stituta
573 1174 690 1257 erat,
718 1183 822 1240 mox
839 1160 1014 1244 adversa
1032 1186 1251 1273 correptus
1272 1158 1536 1257 valetudine,
1568 1188 1698 1271 quarn
1724 1159 1811 1243 bel·

404 1260 620 1371 ligerando
647 1288 944 1373 contraxerat,
974 1292 1133 1357 natutae
1160 1269 1381 1356 concessit.
1403 1266 1519 1351 -Non
1549 1270 1690 1354 multo
1720 1270 1812 1378 post

407 1373 494 1472 ejus
514 1370 647 1458 frater
669 1375 901 1463 pandulfus
929 1382 1283 1491 Archiepiscopus
1311 1380 1561 1481 Patrianus,
1596 1380 1815 1492 praestanti·

406 1482 504 1566 fane
527 1487 714 1594 ingenio,
732 1506 863 1595 atque
881 1489 1200 1597 incomparabili
1221 1490 1422 1598 sapientia
1441 1517 1539 1588 rex,
1567 1496 1658 1574 vita
1677 1493 1816 1574 etiam

404 1593 609 1680 excellit.
646 1594 818 1711 Qribus
843 1597 1071 1696 extindiis,
1103 1597 1270 1681 bellum
1293 1598 1373 1679 hoc
1403 1596 1666 1700 finitimum,
1692 1600 1813 1711 quod

406 1729 513 1813 pene
529 1705 676 1803 civile,
705 1726 833 1816 atque
857 1708 1099 1792 intestinum
1119 1710 1334 1820 appellare
1353 1704 1586 1819 possumus,
1614 1710 1807 1792 cumho·

410 1812 470 1896 ste
488 1818 698 1899 acerrimo
726 1838 948 1918 coortum,
986 1819 1032 1903 δι
1064 1820 1214 1904 urbem
1244 1818 1323 1917 ,dt
1342 1816 1510 1902 castella
1537 1818 1812 1918 circumadja·
1839 1888 1848 1907 .

405 1931 545 2009 centia
557 1925 625 2026 ,dt
644 1956 787 2039 agros,
807 1932 1105 2040 opesdenique
1124 1930 1287 2015 nostras
1296 1954 1440 2013 omnes
1460 1931 1527 2011 ita
1541 1924 1817 2026 disturbavit,

407 2032 561 2136 solvit,
590 2043 782 2140 attrivit,
813 2062 861 2124 ut
881 2041 1176 2152 quamvisjam
1202 2038 1323 2153 quasi.
1337 2037 1695 2138 defeffressemus,
1723 2033 1812 2118 nosr

407 2146 611 2253 metipsos
630 2168 774 2233 tamen
791 2151 996 2261 integros,
1016 2172 1147 2263 atque
1168 2174 1351 2236 recentes
1369 2150 1607 2234 adversanti
1626 2144 1814 2231 fortunae

405 2255 743 2356 objeuaremus..
776 2259 939 2345 Aderat
960 2264 1072 2348 enim
1092 2323 1105 2364 ,
1132 2263 1280 2348 aderat
1300 2258 1551 2347 Constantia
1574 2259 1649 2344 illa
1669 2257 1813 2341 nostra

402 2370 657 2477 imperatrix
677 2370 989 2483 prudentissima
1001 2432 1013 2474 ,
1043 2376 1273 2459 mulierum
1291 2372 1487 2456 omnium·
1502 2369 1628 2453 nostri
1649 2389 1814 2478 tempo·

402 2479 459 2560 ris
476 2478 602 2564 decus
622 2510 769 2567 revera
781 2536 795 2580 ,
815 2481 935 2592 stipes
955 2486 1142 2584 constans
1161 2485 1274 2595 regni
1294 2479 1499 2583 hujus,&
1518 2480 1818 2566 solidissimum*

407 2592 556 2695 patriae
577 2589 661 2673 suae
682 2594 1028 2680 firmamentum.
1062 2594 1257 2695 Aderat,
1277 2616 1407 2706 atque
1428 2590 1542 2675 adesi
1563 2617 1645 2674 una
1667 2588 1817 2671 secum

406 2697 523 2783 domi
546 2705 833 2814 tumdenique
852 2706 1018 2791 militiae
1034 2705 1124 2791 dux
1142 2698 1815 2816 intrepidus,herusquepraestan·

403 2809 579 2894 tissimus
601 2813 846 2900 Alexander
860 2814 1179 2931 Sfortia‚quem
1199 2818 1277 2902 illa¹
1291 2842 1432 2926 regem
1452 2812 1570 2895 nobis
1583 2808 1813 2893 Pisaurien·

403 2918 513 3004 sibus
526 2979 539 3021 ,
557 2921 605 3007 dc
621 2921 769 3025 sama,
790 2926 836 3012 dt
854 2927 1050 3028 virtute,
1078 2928 1126 3013 dt
1150 2928 1351 3041 sapientia
1381 2926 1455 3008 sua
1481 2922 1705 3033 plusquam
1735 2917 1819 3000 hu·

400 3059 534 3115 mana·
552 3038 880 3146 conquisiverat,
901 3042 1208 3132 advocaverat,
1227 3038 1547 3131 introduxerat,
1570 3048 1819 3144 pepererat,

400 3164 501 3224 ante
518 3145 663 3226 oculos
680 3173 824 3229 coram
845 3147 1089 3233 locaverat.
1123 3151 1293 3263 Qribus
1310 3152 1371 3232 ita
1391 3140 1735 3253 imperitantibus
1755 3139 1813 3221 ci·

405 3278 478 3333 ves
499 3252 650 3359 primi,
678 3275 810 3365 atque
828 3255 965 3339 infimi
986 3259 1200 3369 agricolae,
1231 3285 1408 3352 uxores,
1437 3254 1559 3334 liberi
1581 3308 1593 3349 ,
1624 3247 1812 3353 templa,

407 3361 584 3458 domus,
616 3364 797 3474 denique
817 3362 997 3447 fortunae
1016 3395 1160 3449 omnes
1177 3370 1323 3448 nossrae
1342 3360 1583 3443 beatissimae
1603 3355 1694 3440 fore
1723 3382 1814 3439 cen·

408 3470 639 3557 sebantur.
674 3473 847 3585 Qubus
867 3476 1026 3557 iterum
1044 3473 1338 3585 superstitibus
1355 3467 1465 3553 bella
1487 3466 1575 3548 haec
1596 3464 1812 3550 laevissima

405 3581 496 3682 jam
524 3611 673 3693 magna
701 3610 755 3667 ex
784 3605 906 3692 parte
926 3583 1096 3668 sublata
1120 3583 1199 3668 esse
1219 3582 1508 3678 videbantur,
1537 3578 1815 3686 proximeque

407 3693 490 3777 dici
513 3716 707 3804 poterant
728 3696 1039 3805 extinguenda.
1070 3693 1165 3800 Jam
1185 3693 1272 3778 fere
1289 3693 1424 3776 omnis
1447 3688 1700 3784 inundatio,
1720 3712 1817 3795 pro·

407 3804 538 3900 cella,
569 3803 787 3905 fremitus,
814 3807 940 3889 ardor
970 3806 1179 3906 bellicus,
1208 3809 1509 3915 increpuerat,
1538 3800 1585 3884 dt
1607 3798 1814 3912 quodam·

409 3913 541 3996 modo
559 3943 643 4025 prae
661 3915 817 4000 laetitia·
830 3916 983 3998 moenia
1001 3917 1090 4031 ipsa
1110 3918 1302 4002 universa
1322 3912 1606 4023 respirabant,
1626 3938 1726 3991 cum
1747 3908 1815 3992 su·-

412 4025 529 4127 bito,
558 4024 693 4109 nescio
723 4051 806 4136 qua
827 4026 1020 4110 Deorum
1040 4027 1341 4121 inclementia,
1369 4052 1424 4104 ex
1460 4021 1613 4114 terris,
1643 4045 1698 4098 ex
1727 4017 1820 4100 hoc·

407 4135 555 4220 lit—tore
576 4137 822 4233 Adriatico,
851 4164 905 4221 ex
926 4141 1089 4249 patria-2,
1117 4165 1171 4221 ex
1191 4133 1297 4218 urbe
1316 4131 1395 4216 hac
1415 4126 1724 4239 pulcherrima,
1755 4153 1821 4209 ere

412 4249 573 4333 aedibus
595 4308 606 4345 ‚
637 4278 690 4333 ex
710 4249 905 4358 templis,
936 4272 987 4331 ex
1006 4245 1125 4342 foro,
1153 4273 1206 4328 ex
1226 4247 1454 4336 concione,
1487 4262 1540 4320 ex
1559 4233 1693 4318 affatu
1722 4261 1814 4316 om·

409 4362 529 4447 nium
549 4384 728 4459 mutuo,
758 4390 810 4444 ex
831 4359 1048 4456 manibus,
1076 4355 1306 4450 aboculis,
1335 4378 1389 4436 ex
1408 4346 1636 4432 visceribus
1665 4365 1826 4456 erepta·

406 4473 464 4555 est
485 4475 602 4574 nobis
622 4471 869 4557 Constantia
892 4467 1022 4552 ltaliae
1041 4467 1260 4575 splendor,
1290 4464 1604 4570 mulierumque
1621 4455 1704 4538 fine
1724 4456 1819 4540 ullae

405 4583 674 4669 dubitatione
697 4584 918 4694 princeps,
949 4607 997 4664 ac
1025 4581 1213 4688 regina,
1237 4576 1388 4660 domus
1418 4574 1499 4658 suae
1521 4568 1611 4672 jam
1635 4567 1831 4651 labentis.

405 4693 751 4792 firmamentum,
783 4693 954 4801 clypeus
972 4690 1171 4777 adversus
1189 4716 1359 4773 omnem
1377 4684 1558 4770 fortunae
1577 4686 1817 4789 impetum,

406 4805 542 4889 noster
560 4834 757 4918 campus.
789 4806 931 4898 navic,
962 4823 1132 4910 portus,
1162 4795 1553 4914 propugnaculum,
1572 4822 1672 4890 arx,
1693 4786 1827 4901 tutisr'

403 4915 642 5026 fimumque
662 4915 923 5029 perfugium.
955 4913 1065 5026 Quis
1084 4913 1222 5013 enim,
1240 4918 1413 4997 vivente
1433 4909 1507 4993 illa
1519 4967 1532 5007 ,
1552 4928 1718 4997 motus,
1738 4917 1831 4983 autr

401 5028 555 5114 seditio
579 5022 943 5137 pullulare,auts1
969 5023 1234 5134 pullulasset,
1265 5011 1822 5138 quodammodoadolesce*

399 5176 470 5246 re,
500 5160 575 5226 aut
594 5137 623 5224 st
643 5139 919 5243 adolevisset,
947 5135 1102 5250 quibus
1121 5158 1275 5228 tamen
1295 5130 1577 5223 incommodis
1595 5119 1817 5317 oblegqsci·

1667 5262 1680 5318 1
1765 5308 1767 5313 .
