4459 6750
481 981 578 1078 '196
863 946 970 1064 ΨΟ
1006 958 1056 1064 Ε
1090 949 1206 1060 TI
1234 949 1276 1051 C
1300 940 1370 1056 A.

630 1106 706 1188 Me
730 1094 929 1206 nunquam
953 1097 1104 1183 bonitas
1132 1090 1314 1211 destituet
1342 1105 1441 1185 tua,

631 1209 889 1325 Prosususque
905 1211 1007 1293 bonis
1017 1226 1203 1402 serpetuo
1221 1201 1371 1312 fauor:

631 1328 692 1411 Et
719 1353 792 1410 nort
812 1322 991 1437 sollicita
1033 1346 1130 1425 ongo
1158 1314 1262 1398 dorni
1289 1333 1369 1396 tua

749 1441 853 1519 Vita·
879 1453 1053 1537 tempora
1080 1421 1315 1530 tranfigurat.

580 1678 739 1800 Jooitae
764 1675 923 1786 Ropicr‘i
951 1661 1126 1780 Paraph.
1150 1667 1192 1753 irr
1219 1657 1329 1768 Psoi.
1357 1642 1652 1751 CXXXVu.

746 1813 887 1939 Super
917 1794 1119 1902 flumina
1138 1783 1389 1926 Babylonis
1412 1795 1500 1909 &a

583 2000 756 2108 Superba
785 1999 906 2082 muris
934 2021 1015 2104 qua
1043 1993 1216 2101 Babylon
1245 1995 1352 2077 novit

637 2112 825 2194 Labentir
853 2115 958 2192 inter
986 2135 1191 2194 murmura
1208 2104 1380 2217 fluminis
1497 2114 1502 2132 ²

637 2227 847 2320 Miratur,
876 2239 997 2325 atque
1025 2220 1147 2305 hortis
1177 2240 1333 2303 amorra
1424 2241 1425 2246 ‘

637 2331 845 2439 Pensslibur
876 2329 1030 2417 reboare
1057 2334 1195 2432 tella,

580 2449 756 2553 Captiva
782 2442 893 2554 pubes
919 2442 1120 2530 irruimus:
1148 2443 1192 2528 (t
1204 2467 1328 2552 gerrae

643 2562 829 2662 Corrupit
858 2551 973 2670 instar
990 2555 1162 2668 fluminis
1190 2558 1315 2638 exiens

641 2672 707 2749 Vis
738 2667 998 2771 lacrymarum
1018 2694 1033 2744 .·
1061 2689 1103 2754 te
1123 2670 1245 2764 Sion,
1264 2682 1306 2752 te

636 2786 814 2879 Patria,
844 2806 909 2864 vot
926 2778 1069 2884 Solymi
1090 2800 1267 2886 penates,

581 2895 694 2973 Dum
713 2888 875 2998 flentur:
903 2888 1000 2975 eheu
1027 2919 1101 2974 oon
1129 2887 1311 2987 eithara,
1338 2881 1557 2995 aut'lyrass

636 3007 733 3080 Non
761 2999 880 3082 nabla
911 2999 1042 3084 dulcet
1064 2997 1278 3085 ediderunt
1294 2995 1403 3114 semor

638 3108 813 3208 Abjeiia
838 3107 978 3209 humi,
1007 3132 1083 3196 aut
1102 3105 1280 3225 suspensa
1300 3109 1432 3229 pafflm

637 3219 881 3322 Arboribus,
903 3217 991 3331 fide
1017 3220 1218 3339 diffiiuta.

579 3330 766 3417 erdeb'at
793 3329 900 3441 hostie
918 3388 932 3430 ,
953 3338 1027 3436 qui·
1049 3360 1078 3415 a
1099 3332 1236 3438 patrio
1261 3333 1352 3417 lare

608 3449 681 3531 'Iro
701 3442 937 3556 servitutem
965 3462 1153 3529 traxerat
1182 3445 1381 3634 typorum,
1410 3436 1457 3527 ὁ·

634 3563 803 3636 Mutare
829 3582 894 3634 nor
911 3550 1053 3656 fletum
1071 3550 1189 3657 fitper
1212 3581 1256 3633 us

634 3667 776 3743 Pieriis
795 3658 940 3762 fidibus
963 3656 1149 3754 jubebar.-

578 3768 660 3849 Ceu
680 3766 750 3876 far
773 3765 850 3868 stt,
878 3768 988 3848 inter
1039 3767 1200 3876 iiiliurro
1218 3767 1337 3859 deum

630 3884 711 3960 Tot
731 3874 919 3987 monsira,
940 3879 1148 3978 orrimor,
1168 3880 1447 3968 aothariam
1465 3884 1620 3995 bovem,

628 4000 720 4074 Aut
750 3986 906 4087 Belou,
934 4009 1009 4072 aut
1037 3990 1262 4081 latrantem
1281 3994 1456 4081 Anubim

625 4100 875 4186 Carminibue
898 4100 1092 4188 celebrare
1111 4105 1259 4219 sacris.

575 4212 690 4321 Vigor
719 4220 909 4322 rigentem
931 4211 1119 4327 deflitrmt
1138 4250 1296 4309 manum
1307 4283 1323 4328 ,

625 4327 686 4405 Et
714 4325 847 4433 lingua
865 4324 975 4429 stccir
993 4323 1177 4437 faucibus
1205 4336 1386 4443 horeat
1456 4389 1474 4406 -·

628 4437 675 4513 Si
701 4431 856 4518 barbito
880 4456 1049 4541 tentem,
1081 4466 1157 4530 aut
1183 4474 1333 4535 canora

629 4546 726 4628 Voce
753 4546 842 4630 deor
865 4548 1031 4663 ceciniffo
1058 4579 1203 4641 mutor.

570 4653 667 4733 Non
693 4678 821 4741 terror
848 4679 988 4757 atrox,
1017 4688 1090 4742 non
1118 4680 1254 4752 manus
1282 4676 1473 4790 insolens,

627 4768 723 4848 Nori
751 4768 835 4851 ulla
862 4774 920 4848 vir
951 4796 972 4851 e
997 4771 1162 4875 potioris
1188 4782 1334 4871 intimo¹

625 4877 795 4960 Avellrt
816 4907 996 4982 unquam
1015 4882 1143 4966 altam
1162 4895 1290 4995 Syona
1299 4955 1315 4997 ,

625 4993 761 5092 Atque
781 4993 870 5072 Dei
889 4995 1037 5095 patrios
1063 4995 1241 5087 honoret.

570 5097 680 5196 Nor,
701 5098 784 5207 stur
811 5130 885 5188 eoa
908 5102 1098 5218 lucifer'e
1128 5111 1234 5202 domo
1246 5173 1260 5218 ,

620 5216 707 5299 Nos
726 5273 742 5320 ‚
760 5211 846 5327 ſsut
864 5215 983 5304 lberis
1009 5217 1183 5334 hesperus
1211 5258 1234 5313 e
1261 5229 1382 5316 vadis,
