4459 6750
533 915 1257 1042 *GRAMMATJCA
1456 946 1533 1039 =45

189 1072 222 1143 -‘
270 1074 660 1194 Hieronymum,
699 1079 744 1162 &
782 1102 961 1164 exteros
999 1051 1361 1197 Hagiographos
1400 1056 1607 1159 vindicat

186 1244 293 1344 trop.
322 1221 396 1301 ro.
426 1203 774 1323 demonstratur,
812 1213 962 1320 recle,
999 1197 1234 1334 latineque
1255 1194 1378 1310 dici,
1407 1194 1525 1298 Vado
1547 1200 1607 1297 'lt-

188 1383 326 1477 gere,
351 1379 402 1437 ac
430 1336 621 1456 similia,
661 1436 663 1439 ,
813 1428 815 1433 .
876 1361 916 1424 ·.
1120 1426 1126 1435 .
1165 1466 1171 1471 Π
1575 1374 1580 1385 ·

710 1485 776 1562 Ex
805 1480 857 1563 lib
886 1485 937 1562 .8.
970 1509 1000 1564 c.
1025 1503 1085 1560 10.

192 1636 217 1661 1·
254 1591 485 1677 Discissum
513 1595 660 1688 etiam,
691 1592 1055 1704 dilaceratumque
1085 1590 1210 1674 video
1236 1589 1377 1702 palsrm
1395 1591 1602 1697 Hierony·

198 1734 322 1790 mum
343 1735 365 1788 a
386 1702 643 1813 quibusdam
661 1703 985 1787 Grammaticis.
1009 1707 1070 1787 At
1090 1703 1249 1813 quibus
1262 1702 1431 1787 'tandem
1445 1703 1604 1787 ?Nem»

192 1843 251 1926 pe
269 1819 339 1923 qni
360 1815 519 1898 hom-ini
538 1815 829 1913 erudinffimo,
849 1841 898 1898 ac
918 1814 1214 1924 sapientissimo
1230 1814 1452 1898 matellam
1475 1817 1601 1921 porri·

192 1951 289 2034 gere
309 1952 358 2006 ne
378 1926 490 2035 digni
509 1925 684 2034 quidem
703 1924 862 2009 forent.
893 1926 1149 2010 Disciodunt
1169 1922 1458 2033 autem,·quod
1477 1922 1607 2004 inlini·

193 2035 1321 2146 taverbismotumadlocumsrgnificantibusnonnu
1402 2060 1501 2118 uam
1532 2058 1602 2140 ap·
1723 2125 1727 2132 ,

193 2144 411 2256 posuerit.
444 2147 494 2226 Id
514 2165 658 2227 autem
681 2146 858 2231 barbare
878 2206 890 2245 ‚
911 2158 959 2231 a'c
979 2147 1204 2233 insolenter
1223 2149 1345 2230 nimis
1382 2142 1526 2227 auum
1545 2144 1603 2225 ui·

195 2258 313 2354 deri,
335 2279 382 2338 ut
403 2285 502 2338 cum
525 2255 664 2356 dicit,¹
685 2263 777 2338 Non
805 2264 894 2340 veni
909 2258 1059 2370 solvere
1085 2261 1205 2368 legem
1226 2319 1239 2359 ,
1257 2255 1339 2374 fed·
1360 2255 1601 2362 adimplere,

195 2366 245 2451 &
274 2367 376 2451 vado
405 2365 624 2449 immolari.
664 2367 963 2453 Fuisse-autem
984 2375 1154 2453 omoioo
1173 2369 1379 2455 utendum
1398 2369 1473 2449 'vel
1495 2360 1602 2474 supi·

196 2507 253 2561 no
274 2538 286 2577 ‚
308 2479 374 2588 vel
397 2479 617 2586 gerundio.
646 2477 687 2560 Ο
707 2479 841 2560 rabidi
864 2506 983 2561 canes
1001 2538 1014 2578 ,
1032 2507 1065 2579 of
1080 2479 1395 2563 venenofiffimae
1412 2470 1601 2584 aspides!

197 2585 320 2697 Qsid
339 2590 457 2697 quoti
476 2587 616 2671 Poetae
633 2613 777 2671 omnes
797 2588 851 2671 ad
872 2617 1005 2673 uuum
1023 2618 1075 2674 eo
1091 2590 1256 2674 dicendi
1277 2612 1425 2697 genere
1447 2583 1603 2691 ubique

193 2697 384 2782 scatent?
413 2698 504 2780 Sint
526 2701 655 2806 igitur
679 2700 843 2784 barbari
865 2722 929 2783 tot
950 2699 1260 2793 luculentiffimi
1281 2697 1503 2780 latinitatis
1517 2705 1603 2777 Au·

195 2808 348 2914 &oreo
380 2805 589 3000 Q]ui.cum
608 2809 775 2897 infinita
796 2811 935 2893 verbis
954 2804 1124 2895 motum
1142 2814 1203 2896 ad·
1217 2812 1359 2917 locum
1379 2804 1603 2914 fignifican·

194 2919 311 3004 ribus
329 2948 437 3030 copu
457 2947 527 3005 are
547 2922 723 3008 minime
744 2921 840 3004 sunt
859 2923 1008 3021 veriti,
1038 2946 1114 3005 aut
1135 2921 1209 3032 ipsr
1230 2918 1433 3016 barbare,
1462 2912 1604 3004 nimis»

196 3056 278 3141 que
299 3031 523 3115 insolenter
542 3029 680 3115 fecisse
699 3033 946 3129 accusandi,
976 3055 1051 3120 aut
1073 3055 1187 3120 certe
1217 3035 1327 3114 ineo
1348 3026 1514 3116 dicendi
1534 3050 1602 3135 ge·

196 3168 296 3223 nere
325 3141 636 3241 Hieronymus,
665 3168 715 3222 ac
744 3141 884 3226 caeteri
910 3138 1203 3252 Hagiogtaphi
1232 3137 1359 3236 reete,
1387 3136 1603 3241 latineque

196 3248 317 3335 fuisse
346 3249 481 3330 locuti
511 3248 606 3332 sunt
635 3251 821 3336 dicendi·
1509 3279 1511 3283 ·

266 3367 338 3459 De
360 3368 544 3596 supinis
571 3369 621 3460 iu
650 3405 679 3464 u
712 3400 843 3503 agere
869 3367 1096 3511 aggressus
1131 3404 1223 3506 cap.
1250 3404 1325 3469 ιι.
1356 3393 1498 3500 quam
1529 3382 1613 3494 pai·

197 3535 304 3599 rum
332 3506 405 3596 Pri
424 3508 595 3631 riano,
614 3516 660 3599 &
687 3513 936 3606 Laurentio
964 3508 1207 3605 fidendum
1233 3502 1430 3602 ostendit
1446 3541 1466 3596 :2

198 3654 201 3663 '
729 3646 792 3724 Ex
821 3645 882 3745 lib.
899 3648 948 3727 78’.
981 3672 1011 3726 c.
1032 3641 1095 3727 1'1.

205 3847 213 3873 ,ι
250 3755 451 3867 Sequitur
470 3754 605 3841 altera
624 3754 698 3839 illa
718 3750 977 3856 forma‚heu
997 3783 1127 3868 quam
1148 3755 1599 3871 perplex·i'bili's,q·uam

192 3863 421 3949 laciniosa.
462 3862 615 3961 Pauci,
645 3869 733 3946 imo
762 3892 863 3950 vero
893 3868 996 3950 nulli
1026 3874 1100 3964 (ut
1120 3897 1197 3975 ego
1215 3873 1398 3952 arbitror
1419 3874 1438 3969 )
1456 3873 1599 3950 adhuc

193 3976 283 4074 ejus
303 3975 796 4084 naturam'explicarunt.
828 3972 1062 4087 Nam-quid
1080 4006 1159 4085 ego
1179 3976 1358 4058 referam
1378 3978 1479 4085 quid
1494 3981 1601 4084 prin·

193 4113 291 4194 ceps
309 4086 706 4199 Grammaticorum
727 4084 961 4173 Priscianus
984 4147 995 4185 ,
1026 4091 1217 4197 princeps
1247 4092 1425 4169 autem?
1455 4084 1506 4165 de
1522 4082 1611 4165 his·-

189 4193 438 4307 scripserit,
470 4222 567 4280 cum
588 4197 801 4309 nusquam¹
826 4200 967 4283 aridus
998 4202 1152 4309 magis,
1182 4196 1389 4307 nusquam
1420 4194 1605 4306 insa-nior.

188 4305 468 4420 apparuerit?
499 4307 620 4390 Unus
640 4307 838 4417 superest,
852 4338 1012 4418 magnae
1041 4310 1131 4417 spes
1149 4308 1282 4393 altera
1302 4307 1471 4405 Romae,
1490 4304 1606 4417 Lau·¹

190 4425 380 4503 sentius.
412 4417 499 4500 seu>
516 4416 586 4502 liic¹
604 4436 773 4527 quoque
800 4444 824 4499 e
853 4444 977 4529 portu
998 4420 1210 4529 egrediens
1230 4422 1370 4503 statim
1392 4420 1573 4527 impegit.
1589 4477 1607 4502 a

189 4527 453 4641 Qanqua'm
474 4550 555 4612 non
583 4531 734 4612 iverim
754 4525 933 4629 inficias,
947 4531 1204 4641 elegantiora
1223 4532 1434 4643 quadam,
1465 4555 1613 4637 quam„

188 4637 454 4742 Priscianum
485 4637 728 4725 tradidisse.
768 4640 931 4751 Verum
962 4643 1067 4728 dum
1095 4642 1604 4755 omnibuspaslivitatem

189 4752 402 4862 quandam
425 4752 582 4837 subesse
609 4755 856 4853 contendit,
886 4753 932 4838 &
953 4781 1001 4841 ea
1026 4758 1203 4862 quidem
1235 4755 1329 4843 vult
1359 4750 1615 4852 nominibus„

188 4862 447 4969 quibusdam
466 4866 682 4971 adjectivis
701 4863 779 4954 elle
799 4867 1258 4979 tantumapplicabilia
1278 4922 1293 4966 ,
1323 4868 1447 4976 ioque
1467 4888 1517 4943 eo
1536 4882 1610 4958 to·¹

188 5001 261 5055 rus
294 4973 453 5074 haret,
486 5004 563 5063 non
583 4978 892 5066 animadvertit.
918 4984 982 5065 vir
1012 4982 1169 5092 alioqui
1201 4978 1490 5086 acutissimus,
1524 4969 1606 5052 sedi

185 5089 275 5189 ipse
295 5084 368 5168 fibi
391 5089 569 5174 nimium
592 5084 742 5189 fidens,
772 5095 1379 5210 maximamquidtmeorum
1400 5103 1612 5199 partums,

182 5221 233 5277 ac
255 5199 464 5285 rationem
485 5228 510 5286 a
529 5199 570 5287 se
590 5197 708 5285 fuisse
729 5202 1068 5313 prarermifl'am.
1415 5307 1473 5386 Ad

1479 5329 1551 5382 vcs-
