4459 6750
806 872 1388 1024 ·LUCANU&
1666 944 1758 1030 up

416 1031 531 1130 cani,
558 1028 633 1143 qui
654 1022 761 1118 falso
780 1033 1015 1124 Omniboni
1034 1040 1277 1127 Vincentini
1297 1036 1430 1124 titulo
1451 1037 1840 1156 inscripti'circum

415 1141 687 1244 serebantur,
713 1165 808 1238 tam.
825 1147 1055 1233 manifestis
1073 1154 1267 1262 ineptiis,
1296 1149 1344 1235 δι
1362 1151 1526 1236 mendis
1556 1152 1733 1238 refertos
1751 1153 1836 1241 ani·

412 1254 729 1356 madverteret,
760 1279 812 1341 ut
840 1261 1069 1372 unicuique
1097 1262 1216 1348 haud
1243 1260 1430 1346 arduum
1448 1260 1507 1346 est
1525 1260 1845 1373 dignoscerem,

413 1364 653 1472 gravissimo
672 1365 746 1450 illo
761 1421 777 1467 ,
795 1366 847 1475 ἀ
866 1369 1148 1459 literatiflimo
1167 1373 1274 1456 Viro
1291 1373 1550 1483 conscriptos
1576 1401 1660 1458 non
1685 1371 1829 1472 fuisse,

416 1473 589 1583 Operis,
615 1503 716 1561 cum
745 1499 796 1562 ut
811 1481 990 1576 amicis,
1017 1480 1064 1567 dt
1083 1483 1264 1565 literatis
1289 1481 1536 1582 juvenibus,
1564 1505 1659 1569 tum
1677 1501 1729 1567 ut
1752 1484 1834 1566 Im·

418 1581 698 1692 pressoribus,
727 1590 803 1699 qui
831 1589 876 1672 id
894 1615 1028 1701 quam
1044 1591 1431 1678 emendatissimum
1459 1594 1730 1706 summopere
1757 1589 1834 1675 ha·

412 1693 513 1778 bere
534 1695 809 1800 studuerunt,
837 1698 1123 1804 satisfaceret,
1141 1699 1446 1788 comestionem
1465 1724 1586 1789 tanto
1609 1705 1747 1789 studio
1766 1701 1832 1792 ,su-

414 1802 572 1913 scepit,
600 1807 830 1911 industria,
859 1809 1006 1897 labore
1016 1870 1031 1915 ,
1050 1812 1099 1899 ὅ(
1120 1812 1230 1914 fide,
1257 1835 1309 1901 ut
1326 1813 1421 1926 plus
1438 1835 1567 1915 certe,
1585 1824 1717 1925 quam
1736 1812 1833 1900 mil·

410 1911 571 2043 lelocis
594 1917 715 2029 Opus
736 1919 1028 2007 emendaverit
1045 1952 1067 2027 3·
1088 1944 1343 2035 tantumque
1371 1952 1425 2008 ex
1444 1924 1519 2008 suo
1545 1925 1830 2049 ingenio,quo

405 2023 650 2130 plurimum
669 2030 814 2129 valet,
843 2028 896 2111 δι
910 2034 1148 2132 addiderit,
1177 2034 1225 2118 'dt
1242 2035 1487 2132 ademerit,
1508 2054 1557 2119 ut
1581 2060 1672 2132 Jam
1694 2028 1830 2113 Luca·

410 2159 487 2213 nus
499 2137 648 2323 pueris
667 2140 801 2245 etiam
833 2139 1010 2227 rudibus
1039 2144 1259 2230 intelledtu
1287 2141 1423 2229 facilis
1443 2141 1521 2226 fit.
1559 2140 1687 2249 Nihil
1717 2140 1831 2222 enim

409 2265 498 2351 quo
556 2243 612 2327 ad
641 2241 906 2351 Historiam,
933 2253 988 2338 ad
1007 2253 1215 2355 Fabulas,
1249 2255 1306 2340 ad
1326 2253 1671 2366 Geographiam,
1699 2244 1746 2331 &
1776 2247 1833 2363 ad

412 2350 790 2463 Astrologiam,ad
804 2355 961 2446 Artem
980 2364 1161 2495 denique
1177 2365 1313 2475 ipsam
1325 2370 1508 2475 pertinet
1518 2365 1584 2464 ,in
1603 2388 1654 2446 eo
1667 2352 1830 2472 'desde-

410 2461 595 2588 randum
624 2467 809 2551 invenias
832 2531 843 2550 .
876 2468 974 2559 Nec
1003 2475 1111 2560 mihi
1128 2473 1304 2585 quidem
1323 2472 1503 2559 dubium
1522 2472 1614 2567 est,
1643 2470 1744 2579 quin
1765 2466 1831 2548 his

409 2573 564 2679 vigiliis
583 2574 665 2658 suis
687 2575 863 2679 Ioannes
883 2579 1113 2683 Taberius,
1145 2584 1172 2666 st
1194 2587 1332 2669 minus
1361 2584 1476 2694 apud
1496 2575 1832 2692 prasentes,.qui

409 2680 666 2796 plerumque
686 2689 795 2770 vitio
807 2688 1083 2800 malignitatis
1102 2695 1300 2777 humanae
1315 2694 1554 2797 viventium
1566 2689 1719 2798 scripta
1733 2681 1830 2793 ,etsi
1891 2685 1900 2705 ⁹

408 2787 599 2887 lesbionis
620 2793 885 2905 cibussapiat
897 2857 911 2896 ,
931 2801 1066 2886 veluti
1085 2800 1450 2911 fastidioquodam
1469 2794 1832 2905 seniiidegustant,

406 2896 456 2985 ὅ(
479 2901 660 3012 legunt,
688 2906 802 3015 apud
831 2906 1015 3018 posteros
1040 2913 1333 2998 immortalem
1360 2910 1434 2994 srbi
1471 2907 1522 2996 ἀ
1548 2909 1754 3017 gratiam,
1784 2892 1833 3024 dt

408 3038 564 3095 nomen
594 3011 644 3095 fit
674 3015 1002 3104 consecuturus.
1041 3021 1150 3107 Hac
1166 3045 1344 3122 autem,
1374 3041 1423 3106 ut
1441 3023 1498 3108 ad
1517 3041 1560 3103 te
1581 3015 1832 3110 scriberem,

406 3119 674 3226 Hieronyme
687 3125 1033 3226 Advocate,duo
1052 3133 1230 3239 quidem
1249 3133 1322 3215 illa
1342 3133 1551 3238 impulere
1561 3125 1833 3237 potissimum3

403 3233 592 3315 alterum
614 3289 626 3327 ,
652 3234 768 3339 quod
788 3233 973 3320 sciebam
994 3266 1138 3346 pro-ea
1159 3239 1440 3340 benivolentia
1453 3297 1466 3338 ,
1495 3263 1627 3344 quam
1656 3238 1697 3316 in
1716 3231 1835 3341 Joan·

406 3368 506 3424 nem
525 3339 773 3423 Taberium.
788 3344 870 3443 (ut
886 3369 931 3425 es
950 3371 975 3429 a
996 3365 1150 3432 natura
1176 3348 1389 3457 optimus,
1408 3345 1456 3428 δι
1476 3344 1674 3448 benignus
1693 3335 1834 3439 >sem
1959 3422 1964 3430 .

407 3478 485 3563 per
507 3447 853 3548 contulisti,ejus
871 3450 1054 3559 scripta,
1071 3454 1120 3537 bc
1139 3455 1303 3540 labores
1323 3454 1403 3539 tibi
1427 3452 1660 3562 jucundos,
1673 3446 1725 3536 ,δι
1744 3474 1833 3556 gra·

405 3584 475 3645 tos
496 3551 587 3644 fore
608 3620 618 3640 .
649 3554 707 3642 Es
727 3559 841 3640 enim
864 3576 914 3641 tu
930 3560 966 3643 is
978 3563 1080 3671 ,qui
1096 3564 1206 3644 inter
1223 3580 1394 3644 caeteros
1412 3556 1655 3645 excellentis
1677 3557 1831 3667 ingenii

407 3670 561 3771 Viros,
589 3696 775 3782 quorum
797 3668 917 3755 baud
937 3696 1093 3780 parvus
1122 3672 1164 3754 in
1184 3669 1307 3754 Urbe
1335 3668 1472 3754 nostra
1489 3668 1548 3753 est
1570 3686 1831 3778 proventus,

409 3783 621 3866 virtutem
648 3779 785 3878 colis,
814 3777 1086 3891 magnifacis,
1116 3779 1411 3889 ampledberis.
1452 3778 1580 3864 Nihil
1605 3780 1721 3862 enim
1752 3775 1834 3860 tibi

409 3892 576 3975 dulcius
594 3889 685 3989 est,
711 3888 820 3972 nihil
848 3889 1056 3989 suavius,
1077 3889 1183 3976 nihil
1212 3892 1392 4000 denique
1413 3890 1672 3989 jucundius,
1701 3914 1833 3998 quam

408 4007 453 4085 in
480 4001 545 4083 his
573 3998 719 4083 nostris
739 3988 884 4082 studiis
915 3998 1108 4102 versari,
1134 4027 1318 4113 quorum
1348 3998 1490 4107 (quod
1519 3995 1627 4078 mihi
1646 3996 1836 4078 aliorum>

409 4138 515 4222 pace
531 4109 680 4220 dixisse
699 4109 853 4209 liceat)
878 4105 968 4212 jam
987 4111 1172 4219 primam
1192 4136 1334 4194 arcem
1355 4104 1564 4217 possidere·
1577 4102 1686 4218 mihi
1718 4104 1830 4219 vide·

410 4224 468 4306 ris
486 4221 556 4321 ,dt
570 4219 660 4322 jam
678 4222 930 4329 omnes,qui
957 4246 1058 4302 cum
1077 4219 1210 4302 literis
1231 4219 1538 4303 commercium
1559 4211 1743 4311 habent,
1773 4216 1830 4294 in·

407 4356 552 4443 gentes
571 4334 726 4442 gratias
753 4330 839 4415 tibi
852 4328 1162 4438 agant-necesse
1181 4331 1237 4416 est
1259 4387 1270 4410 .
1298 4326 1447 4413 Fecisti
1465 4332 1580 4409 enim
1613 4343 1694 4409 tua
1711 4322 1829 4406 indu·

407 4444 528 4539 stria,
557 4443 714 4540 studio,
735 4438 783 4525 dc
801 4437 970 4542 labore,
1000 4460 1051 4524 ut
1071 4436 1319 4526 Vidbruvius
1336 4440 1390 4523 de
1417 4432 1829 4541 Architediura,qui
1870 4451 1873 4456 ’

407 4551 497 4653 jam
526 4572 592 4636 tot
611 4552 768 4635 saeculis
797 4553 840 4634 in
858 4550 998 4634 lucem
1017 4550 1294 4663 caputsuum
1313 4545 1500 4661 proferre
1521 4574 1603 4629 non
1623 4544 1830 4640 audebat,

412 4662 530 4771 quod
558 4690 611 4746 ex
629 4664 746 4747 omni
777 4681 898 4771 parte
916 4687 1117 4747 mancum
1128 4720 1141 4762 ,
1170 4664 1382 4756 lacerum,
1400 4658 1660 4743 mutilatum
1681 4649 1721 4737 se
1740 4652 1826 4736 sen·

385 4874 389 4879 ,
411 4770 583 4873 tiebat,
609 4799 718 4880 nunc
746 4772 937 4884 politus,
973 4799 1105 4884 purus
1128 4830 1142 4872 ,
1170 4773 1331 4881 integer
1357 4767 1518 4867 huc&
1549 4766 1652 4852 illuc
1681 4761 1831 4875 gestiat

410 4908 577 4980 meare,
604 4882 799 4969 omnibus
818 4909 939 4968 carus
952 4902 1173 4984 occurrat,
1190 4882 1386 4966 omnibus
1403 4903 1546 4989 gratus
1566 4879 1829 4988 excipiatur.

412 4994 645 5103 Alterum,
671 4996 787 5103 quod
817 5015 936 5082 tanta
966 5016 1009 5079 te
1033 4993 1299 5090 observantia
1318 4988 1583 5103 prosequor,
1613 5008 1664 5072 ut
1683 5005 1831 5069 omnes

413 5099 737 5208 meos-labores,
760 5103 1034 5209 industriam,
1061 5103 1110 5191 dc
1128 5102 1356 5218 meipsum
1377 5091 1595 5189 statuerim
1608 5081 1697 5180 'tibi
1717 5094 1829 5177 dica·

1668 5224 1767 5289 tum
