4459 6750
512 962 1696 1218 ”b.auuaustoornue

551 1336 638 1447 Oli
670 1345 904 1446 Ovidium
932 1337 1169 1443 Nasonem
1203 1349 1254 1440 in
1289 1348 1561 1442 Latinorum
1596 1342 1849 1440 Poetarum

585 1481 691 1587 serie
716 1478 1000 1622 subsequitur
1030 1479 1160 1579 illico
1185 1490 1409 1598 Gratius,
1443 1486 1588 1716 fania
1617 1472 1850 1602 Faliscus,

438 1631 567 1763 Epici
582 1631 796 1723 carminis
810 1622 866 1720 de
880 1629 1138 1724 Venatione
1164 1657 1302 1759 purus
1313 1695 1328 1738 ,
1351 1635 1398 1718 δι
1416 1658 1440 1717 e
1461 1622 1848 1757 egans'Scriptot5

439 1800 549 1863 mox
577 1800 683 1862 vero
704 1759 921 1860 Laberius
949 1771 1097 1900 Eques
1124 1772 1407 1877 Romanus,
1439 1795 1490 1854 ac
1507 1766 1556 1897 .¹’·
1580 1767 1728 1892 Syrus
1757 1767 1848 1858 Mi-

436 1936 518 2000 mo
554 1898 684 2036 taphi
698 1894 715 2007 '5
751 1899 918 1999 deinde
934 1907 1003 1998 M.
1022 1895 1272 2017 Manilius,
1291 1915 1336 1996 &
1352 1891 1497 2000 Caesar
1515 1903 1843 2021 Germanicus,

396 2115 401 2139 .
437 1936 579 2139 amso
599 2039 976 2139 Astronomicatn
1001 2045 1243 2138 materiam
1271 2032 1472 2137 vetsrbus
1498 2030 1766 2174 complexi,
1795 2047 1847 2136 ii-

435 2214 526 2313 que
543 2182 747 2279 Auream
761 2187 963 2277 AEtatem
987 2175 1300 2276 concludunt.
1340 2183 1630 2312 Argenteum
1656 2175 1847 2279 a'ribes

438 2323 570 2417 riano
595 2324 795 2453 Imperio
821 2318 1132 2417 exordientem
1160 2357 1184 2414 a
1219 2324 1303 2414 erit
1329 2300 1721 2447 Phaedrusssrux,
1746 2327 1844 2418 Au-

436 2455 562 2590 gusti
577 2461 865 2592 Imperatoris
881 2452 1111 2573 Libertus,
1130 2467 1158 2554 F
1220 2452 1406 2553 ularum
1428 2447 1733 2593 nitidissimus
1749 2461 1844 2559 Au-

438 2600 572 2700 &orr
612 2594 711 2728 post
736 2588 886 2730 ipsum
920 2604 966 2694 L.
990 2591 1256 2693 Columella
1284 2594 1571 2710 Gaditanus,
1592 2603 1680 2732 qui
1707 2605 1848 2698 Geor·-

434 2739 546 2866 gicis
574 2728 845 2865 Virgilianis
872 2729 1047 2830 librum
1077 2732 1133 2829 de
1165 2744 1424 2832 Hortotum
1451 2727 1580 2830 cultu
1597 2796 1621 2850 ·,
1646 2745 1849 2837 Heroico

436 2874 640 2963 carmine
678 2883 723 2963 &
750 2865 841 3003 ipse
867 2864 1002 2986 usus,
1029 2868 1188 2992 adjecit
1205 2908 1224 2977 r
1254 2873 1363 2970 dein
1396 2866 1656 2971 tertioloco
1677 2887 1848 2977 Seneca

359 3097 366 3111 ‚
437 3009 699 3138 Tragicus,
733 3002 768 3100 sr
792 3040 948 3105 tamen
972 3008 1177 3106 eundem
1202 3007 1287 3110 else
1309 3045 1419 3108 cum
1442 3003 1724 3151 Philosopho
1753 3023 1778 3143 (
1791 3020 1850 3118 de

433 3178 531 3280 quo
556 3149 674 3239 inter
693 3145 907 3243 Eruditos
933 3185 1029 3246 non
1049 3156 1300 3280 convenit)
1319 3144 1590 3250 sentiamus.

501 3290 606 3383 Hos
624 3317 788 3382 omnes
814 3280 969 3385 missos
991 3281 1244 3407 facientes,
1277 3288 1337 3388 ad
1359 3294 1429 3386 Mt
1444 3286 1675 3389 Animum
1697 3297 1852 3396 Luca-

433 3457 553 3517 num
568 3496 581 3533 ,
596 3418 831 3521 Pharsaliae
856 3435 1163 3563 Scriptorem,
1186 3440 1360 3527 Senecae
1385 3419 1655 3567 Philosophi
1679 3467 1739 3529 ex
1758 3432 1851 3536 fra·-

435 3590 504 3655 tre
522 3588 740 3689 nepotem
762 3628 778 3672 ,
800 3567 924 3656 resto
949 3559 1083 3660 cursu
1107 3568 1435 3668 contendimus
1465 3566 1645 3687 ,utile
1669 3599 1730 3670 eb
1756 3584 1849 3675 Bri·

439 3703 628 3790 xianam
654 3699 952 3796 Litetaturam
978 3696 1310 3804 benemeritam
1347 3703 1479 3807 fuisse
1512 3707 1846 3816 ostendamus:

335 3947 336 3950 Ν
441 3828 548 3926 licet
567 3862 855 3967 compertum
888 3833 1022 3935 nobis
1050 3836 1105 3940 srt
1131 3843 1415 3978 Qrintiliani
1444 3848 1725 3973 judicium,
1758 3894 1847 3994 quo

426 3964 519 4070 isle
534 4043 557 4086 ,.
575 3968 701 4105 quod
728 3973 893 4073 ardens
918 3970 1003 4094 fit,
1040 3993 1360 4086 &concitatus
1385 4065 1401 4107 ,
1427 3984 1744 4092 &sententiis
1766 3994 1845 4096 cla·

438 4104 684 4227 tissimus,
728 4122 879 4250 magis
915 4116 1228 4241 Oratoribus,
1269 4160 1413 4263 quarn
1460 4135 1608 4231 Poetis
1645 4130 1842 4239 accens-

437 4284 534 4346 tur.

511 4395 582 4483 De
612 4395 824 4509 Lucano,
848 4429 930 4513 ea,
951 4434 1043 4538 qua
1065 4410 1304 4540 Specimen
1336 4407 1548 4508 nostrum
1571 4414 1841 4554 complecti-

441 4561 546 4641 tur,
572 4559 721 4645 aetate,
745 4527 984 4667 insigniter
1007 4549 1178 4643 meruit
1209 4543 1512 4648 Omnibonus
1534 4558 1838 4671 Vicentinus,

440 4670 721 4762 Leonicenus
752 4671 781 4766 ¹a
815 4668 957 4771 natali
988 4671 1085 4775 solo
1111 4680 1262 4783 diuus
1289 4693 1681 4804 ,Grammaticus
1716 4694 1837 4795 valde

436 4797 657 4921 celebris,
683 4844 732 4903 ac
756 4806 919 4910 dorius
945 4887 969 4932 ,⁴
988 4814 1058 4915 vel
1083 4814 1179 4957 ipso
1205 4821 1443 4963 Raphaele
1456 4837 1653 4967 Regio,
1677 4843 1836 4976 Bergo

436 4978 589 5061 mate,
605 4980 658 5043 ut
681 4940 885 5083 superius
912 4952 1116 5055 vidimus
1133 5032 1148 5078 ,
1164 4956 1367 5064 fatente.
1406 4976 1514 5094 Ejus
1529 4956 1833 5079 Commenta-

435 5093 499 5183 ria
525 5094 572 5187 in
600 5093 843 5191 Lucanum
876 5098 1078 5198 Venetiis
1095 5098 1216 5203 edita
1240 5141 1312 5204 an.
1338 5142 1433 5230 147
1439 5145 1484 5231 5.
1506 5104 1830 5217 laudantu-r'in

1592 5252 1779 5356 Annas.
