4459 6750
491 904 589 986 224
869 866 1384 976 POETICA.

579 1014 671 1094 Non
690 1006 823 1117 digitos
834 1005 988 1120 solum,
1011 1040 1059 1094 ae
1076 1009 1270 1121 brachia,
1297 1009 1417 1103 colla,
1438 1009 1586 1110 caput?

523 1120 765 1232 officiumque
781 1119 921 1224 pedum
940 1120 1067 1204 curuis
1084 1119 1276 1204 mandare
1295 1117 1521 1225 quadriga?

575 1235 725 1337 Magna
744 1230 972 1313 ancillarum
1003 1261 1065 1313 nos
1089 1237 1297 1317 comitante
1316 1236 1465 1313 manu?

522 1346 583 1422 Ni
598 1369 742 1445 quoque
760 1339 889 1422 cauda
909 1340 1025 1447 stmul
1050 1341 1276 1422 traheretur
1293 1341 1435 1448 longior
1455 1335 1526 1452 ipso

573 1454 757 1558 Corpore,
785 1479 870 1555 quae
898 1452 1043 1530 cornum
1067 1471 1248 1556 perpetuo
1275 1457 1458 1558 raperet?
1580 1478 1584 1483 ·

485 1623 537 1710 In
562 1610 719 1710 libello
737 1620 895 1715 Brixiae
920 1613 1043 1712 edito
1072 1651 1143 1711 an.
1175 1651 1316 1733 1570.
1337 1617 1542 1708 carmina
1564 1607 1803 1706 Academi-

412 1788 574 1848 corum
599 1749 900 1850 Occulrorum
925 1748 1261 1888 complectente
1282 1745 1426 1847 Caesar
1453 1749 1606 1846 noster
1633 1756 1801 1886 primus

411 1925 515 1986 com
552 1924 644 1988 aret
660 1965 674 2007 ,
702 1886 990 2026 implenrque
1018 1903 1115 2012 ejus
1150 1884 1335 2005 versuS,
1362 1888 1489 2025 quod
1517 1923 1682 1985 eorum
1716 1924 1802 1984 ma-

408 2038 477 2150 jor
506 1927 573 2124 igi
592 2022 645 2124 fit
665 2064 915 2145 numeruS,
936 2066 1079 2166 quam
1099 2036 1150 2126 in
1169 2035 1367 2164 Taygeti
1388 2021 1706 2144 Collefflone,
1735 2066 1799 2164 pa-

407 2175 540 2299 ginas
563 2172 753 2300 viginti.
793 2176 935 2265 Primi
955 2164 1213 2267 describunt
1235 2166 1391 2264 laudes
1415 2174 1561 2284 rusie,
1587 2176 1665 2263 cui
1702 2205 1797 2303 pro.

404 2339 460 2437 pe
484 2300 704 2402 Sebinum
739 2303 891 2404 lacum
929 2303 972 2407 se
1008 2309 1236 2424 dederat,
1266 2306 1421 2441 procul
1451 2344 1478 2406 a
1514 2315 1629 2406 rixis
1656 2307 1796 2424 urbis,

389 2439 654 2578 strepituque
672 2441 861 2576 sorenst,
899 2482 951 2546 ut
986 2442 1078 2584 ipse
1115 2444 1321 2584 loquitur
1358 2454 1409 2542 in
1447 2453 1594 2582 priore
1637 2442 1742 2545 vers
1785 2523 1791 2543 .

401 2589 541 2680 Ruris
568 2586 818 2682 commoda
857 2585 1021 2684 itidem
1051 2582 1209 2686 laudat
1237 2598 1286 2685 in
1321 2580 1715 2717 hendecasyllabis
1749 2588 1793 2685 ad

399 2726 749 2855 Hieronymum
774 2734 1064 2843 Bomatum,
1095 2763 1213 2864 quos
1247 2722 1389 2860 placet
1414 2731 1627 2845 recitare,
1654 2764 1790 2867 quum

398 2855 598 2955 Occultae
625 2858 753 2958 illius
775 2864 1039 2962 Academiae
1063 2872 1289 2996 Principes
1315 2858 1593 2963 recenseant.

598 3064 679 3150 ate
695 3066 969 3184 Hieronymum
984 3070 1198 3154 Bornatum
1222 3067 1361 3156 Acuti.
1380 3068 1598 3190 Occultum.

500 3237 616 3320 Vates
646 3238 835 3344 candide,
850 3245 1003 3351 'cultior
1033 3252 1211 3358 carullo,

559 3352 618 3433 Et
648 3355 758 3466 versu
787 3358 917 3443 melior
945 3366 1063 3451 modis
1082 3371 1228 3456 Tibulli
1235 3397 1254 3472 ,⁴

553 3467 634 3542 Cur
662 3495 722 3548 me
737 3466 946 3572 sollicitas,
976 3500 1022 3561 ut
1051 3479 1141 3563 hinc
1166 3508 1319 3567 canoros

549 3573 721 3650 Mittam
750 3578 945 3678 oerſscuios
962 3637 974 3675 ,
994 3585 1270 3694 facetiasquo?

546 3678 644 3753 Cum
665 3677 768 3785 feias
798 3706 950 3764 tenuem
978 3690 1045 3802 effe
1073 3720 1132 3775 ure
1151 3706 1314 3780 Portam
1324 3727 1343 3799 ;

545 3785 662 3881 Cujus
681 3784 800 3892 fama
823 3790 931 3886 jacet
949 3796 1107 3905 sepulta
1122 3803 1286 3901 ,Phoebo

543 3896 629 4013 Qi
655 3898 785 3982 condit
817 3928 1025 3990 renuente.
1054 3939 1126 3995 nee
1154 3916 1339 4025 venustos,

542 4008 630 4085 Nec
658 4007 784 4119 versus
805 4010 970 4118 facilem
998 4050 1066 4103 nec
1094 4046 1184 4109 arte
1203 4026 1342 4111 cultos.

544 4121 657 4198 Nam
686 4121 780 4200 diris
808 4121 959 4206 libitina
980 4129 1149 4238 filiorum
1286 4223 1290 4232 ,

542 4231 614 4309 Me
634 4238 706 4325 (ut
719 4230 1054 4343 scir)funer'ibur,
1074 4243 1203 4347 quiete
1216 4252 1340 4369 pulsu,

542 4339 711 4421 Vexavit
731 4353 858 4437 toties,
893 4357 1091 4457 necemque
1100 4358 1250 4462 fratris

543 4448 739 4548 Aeijunxit
750 4459 920 4570 miseram
937 4529 941 4537 .
954 4465 1086 4573 feram
1101 4531 1109 4561 ,
1123 4494 1337 4559 cruentam.
1368 4542 1371 4547 -

540 4560 683 4642 Tantis
695 4563 796 4671 fata
815 4590 934 4655 ettam
952 4580 1142 4662 addidere
1160 4582 1311 4670 damnis
1406 4678 1410 4685 ,

535 4670 659 4749 Bilem
679 4697 833 4771 atram,
858 4680 899 4762 ὁ·
918 4692 1095 4779 maciem,
1112 4700 1448 4812 ‘reuocatumque

542 4775 660 4860 Unde
689 4791 914 4871 carminibus
944 4794 1050 4909 rujser
1083 4804 1247 4901 retiner,

539 4895 676 4991 Atqree
705 4896 817 4995 urbe,
846 4925 965 5006 atque
987 4907 1074 5014 for-o
1105 4921 1361 5036 trrnultuoso,

536 4988 621 5073 Rur
651 5003 725 5083 eolo
754 5010 973 5114 innocuum,
988 5057 990 5061 ·
1005 5019 1046 5101 (t
1065 5051 1247 5109 remotum
1265 5034 1446 5140 agellum.
1542 5115 1545 5123 .

547 5108 606 5192 Et
633 5121 805 5218 quamuis
826 5124 1020 5232 Helyconir
1049 5133 1124 5218 alti
1151 5137 1327 5228 alumnas
