4459 6750
648 951 760 1062 ΡΟ
792 959 843 1064 E
877 958 936 1063 T
956 960 989 1062 Ι
1018 961 1149 1071 CA.
1436 992 1534 1087 269

194 1098 320 1221 gium
341 1092 455 1194 illud
481 1091 639 1196 Prema
671 1099 721 1197 de
751 1110 880 1215 navis
906 1101 1069 1234 Infulis
1098 1143 1126 1205 n
1155 1103 1195 1203 C
1196 1105 1363 1209 olumbo
1396 1108 1607 1216 desediss'

198 1233 313 1365 eujus
338 1270 413 1361 ego
437 1271 535 1333 cutn
554 1238 772 1340 exordium
796 1241 949 1340 multis
966 1242 1251 1377 presentibus
1279 1243 1491 1388 legissem,
1527 1254 1605 1352 nd·

196 1384 384 1476 miratus
408 1382 687 1500 gravitatem
708 1446 722 1489 ‚
746 1379 1080 1500 &elegantiam
1120 1392 1360 1504 carminis,
1385 1393 1603 1490 exclama-

193 1522 250 1612 vi
262 1586 277 1629 ,
305 1509 470 1608 Cedite
486 1517 728 1626 Romani,
749 1519 793 1608 in
821 1548 904 1647 qun
931 1513 1069 1614 adhuc
1082 1589 1097 1632 ,
1113 1527 1189 1652 qui
1209 1557 1235 1615 a
1259 1555 1325 1620 me
1350 1521 1596 1662 dissentires,

194 1659 348 1751 inveni
367 1659 604 1752 nemiuem.
641 1651 736 1778 Quo
771 1659 910 1780 magis
945 1680 989 1751 te
1020 1652 1171 1758 hortor
1195 1727 1210 1772 ‚
1235 1693 1514 1798 quanquam,
1549 1696 1600 1770 ut

182 1789 337 1928 spero,
364 1818 629 1907 currentem,
656 1817 707 1888 ut
731 1817 1007 1927 approperes,
1033 1793 1268 1932 habensque
1290 1809 1497 1904 rationem
1520 1840 1601 1905 non

192 1932 493 2063 expeditionis
521 1931 641 2030 modo
664 1928 848 2058 uesieu,
882 1944 1191 2035 verumetiam
1208 1935 1362 2064 gloria
1387 1970 1471 2039 tue
1492 1970 1507 2058 ,
1527 1981 1599 2042 cu·

184 2071 262 2206 jus
288 2067 418 2167 habes
455 2101 667 2173 anatum
694 2070 957 2202 praclarum
980 2071 1292 2199 seminarium,
1329 2079 1598 2216 quodetiam

182 2202 328 2339 fludio
364 2211 562 2338 excolis,
598 2217 807 2338 ingenium
840 2241 990 2310 tuum.
1028 2211 1160 2311 Idem
1187 2221 1238 2310 in
1275 2213 1363 2312 alia
1390 2217 1449 2315 ad
1480 2255 1594 2319 eun-

189 2345 299 2445 dem
336 2353 452 2446 item
479 2342 558 2447 lib.
583 2384 629 2464 4.
659 2344 895 2485 Epistolar.
930 2347 987 2448 de
1008 2347 1160 2449 Bastlii
1196 2353 1374 2453 Zanchi
1404 2352 1595 2457 misera-

190 2479 277 2580 bili
308 2492 495 2587 interitu
524 2483 716 2625 scripta,
753 2485 892 2611 hujus
922 2497 1176 2587 amicitiam
1200 2529 1310 2590 cum
1336 2490 1594 2612 Gambata,

184 2639 235 2720 dc
271 2658 426 2758 parem
464 2624 700 2764 uttiultlue
737 2633 786 2723 in
823 2634 999 2724 Poetica
1020 2625 1254 2730 facultate
1290 2641 1501 2769 peritiam
1539 2643 1589 2733 in

179 2763 316 2859 'hunc
342 2765 538 2862 modum
568 2761 778 2864 extollit:
814 2765 1001 2868 lsixiflis
1030 2805 1112 2869 nna
1126 2769 1300 2904 semper
1322 2767 1590 2909 eonjuniiiffs·

185 2938 291 3015 me,
328 2907 440 3005 alter
462 2905 596 3006 alteri
615 2910 774 3035 egregie
799 2939 954 3022 carus,
989 2912 1047 3011 &⁰
1064 2905 1168 3034 fuis
1196 2936 1371 3046 uterque
1395 2907 1590 3039 nestrum

182 3042 242 3140 ad
261 3039 755 3170 l’otticamsueulnaum
774 3074 932 3144 natura
947 3045 1207 3179 propensus,
1233 3085 1284 3147 ae
1302 3057 1407 3150 mire
1418 3045 1587 3177 failus,

181 3188 472 3308 ingeniatum
494 3191 559 3279 ira
577 3208 735 3314 pares,
770 3211 818 3277 uu
839 3213 934 3277 eum
954 3214 1073 3280 nemo
1093 3213 1187 3283 enm
1214 3185 1343 3283 bonus
1361 3183 1493 3284 Poe-ta
1511 3182 1593 3312 ste,

180 3327 288 3462 quin
310 3318 436 3418 vobis
451 3327 624 3453 primns
651 3328 694 3416 in
715 3316 1008 3450 componendis·
1022 3320 1217 3445 verstlms
1229 3348 1384 3453 partes
1408 3324 1592 3440 tribuat,
1694 3346 1706 3360 ·

178 3468 339 3597 (quam
363 3452 646 3596 conseffionem
672 3463 806 3553 etiam
839 3452 895 3553 ab
924 3460 1083 3553 invitis
1117 3456 1584 3591 exprim-itPoematum

181 3605 483 3736 comparatio)
502 3625 603 3698 uter
622 3624 765 3696 tamen
789 3600 883 3693 utri
903 3590 1113 3725 prestet,
1138 3597 1321 3697 nondum
1330 3596 1451 3730 finis
1464 3600 1584 3734 judi·

178 3771 279 3837 care
302 3735 526 3871 quisquam
543 3728 694 3870 paffin.
722 3741 847 3847 Haec,
862 3736 1072 3865 inquam,
1091 3732 1223 3831 Pauli
1248 3740 1457 3835 Manu'tii
1483 3770 1585 3838 ver·-

177 3871 355 3991 ba,vel
376 3871 469 3969 l'ola
493 3868 596 3971 satis
616 3878 837 3971 evincunt
862 3863 976 3965 falso
1004 3877 1052 3967 in
1073 3869 1246 4008 vulgus
1268 3871 1443 4011 spargi,
1465 3877 1583 3976 adeo

163 4010 465 4113 'diffentaneo
486 4008 544 4108 al)
571 4006 731 4110 iisdem
761 4006 932 4131 judicio
951 4016 1184 4107 Laurentii
1206 4008 1446 4108 Ganabarae
1484 4052 1580 4112 ver·

175 4147 255 4253 sus
282 4191 308 4250 a
335 4156 404 4249 M.
418 4158 627 4252 Antonio
652 4156 842 4247 Murem
861 4154 1011 4245 notati
1039 4142 1258 4283 potuille.
1294 4155 1427 4245 Dum
1447 4157 1580 4248 enim

174 4295 429 4397 Muretum
470 4293 574 4392 dico
598 4367 612 4407 ,
640 4287 886 4387 hominem
918 4286 1026 4385 dico
1059 4282 1150 4384 sua·
1168 4294 1377 4424 Scripta,
1411 4296 1581 4386 earmi-

177 4469 243 4533 na
264 4438 437 4549 etiam,
474 4428 605 4529 Pauli
629 4434 839 4526 Manutii
862 4421 1056 4524 censurae
1086 4421 1351 4568 frequentet
1381 4421 1580 4537 submit-

179 4606 388 4690 tentem,
413 4562 807 4706 elegantillrmum
835 4564 974 4687 hnjus
1005 4574 1290 4702 ingenium,
1314 4560 1580 4703 Atticasque

175 4704 358 4848 prorsus
388 4747 519 4808 antes
549 4704 725 4847 lempet
749 4701 1096 4821 admirantem,
1133 4719 1180 4804 δι
1211 4712 1260 4804 in
1284 4701 1412 4803 Italia
1432 4701 1579 4843 longe

173 4886 334 4948 unum
350 4855 655 4969 Man-utinm,
676 4856 761 4987 qui
785 4853 953 4946 caeteris
976 4839 1199 4944 omnibus
1216 4840 1457 4944 literatum
1476 4843 1584 4981 glo-

174 4996 247 5086 tia
278 4987 592 5111 antecelleret,
630 4989 984 5127 praedicantem.
1019 4994 1132 5084 Haec
1156 4991 1317 5089 ontnia
1343 5023 1397 5083 ex
1420 4986 1594 5077 M-ures-

167 5138 215 5233 ti
240 5128 298 5226 ad
324 5136 598 5235 Manutium
620 5129 836 5276 Epistolis
859 5125 1110 5246 constant,
1140 5160 1242 5264 quae
1272 5117 1469 5259 ptoinde
1502 5114 1584 5213 de·
1644 5142 1648 5148 ·

739 5302 745 5310 ¹
1372 5288 1511 5355 mon·
