4459 6750
500 894 557 973 80
768 868 836 999 ‚Q
898 866 1027 972 ΗΟ
1060 866 1125 989 R
1139 871 1198 978 A
1230 866 1289 972 T
1310 870 1342 969 l
1370 874 1421 973 U
1446 870 1490 968 S

427 1013 506 1111 lud
531 1005 823 1108 excusantem
854 1015 903 1106 in
940 1009 1078 1146 Epist.
1103 1011 1161 1109 ad
1192 1017 1481 1108 Germanum
1511 1009 1729 1102 Brixium
1768 1010 1832 1103 ita

422 1148 637 1248 scribere:
674 1149 804 1254 Aliis
823 1147 1003 1248 liberum
1028 1157 1113 1249 erit
1139 1148 1187 1248 dt
1207 1149 1344 1254 Badio
1355 1147 1546 1283 judicare
1568 1217 1582 1259 ,
1608 1142 1731 1280 qnod
1753 1179 1837 1244 vo-

421 1291 541 1388 lieret.¹
579 1289 678 1417 Ego
696 1285 864 1424 simper
889 1289 1013 1387 illmn
1033 1286 1164 1388 habui
1187 1295 1230 1386 in
1253 1322 1395 1385 eornm
1421 1317 1619 1398 numero,
1640 1318 1834 1418 qnorum

423 1463 496 1526 nec
527 1427 840 1540 eruditionem,
886 1461 958 1525 nec
994 1433 1239 1555 ingenium,
1273 1458 1347 1522 nec
1382 1423 1667 1558 eloquentiam
1702 1414 1832 1574 poffis

418 1595 670 1666 contemnere
693 1600 718 1676 ,·
748 1557 921 1693 tametst
939 1598 1017 1662 non
1044 1557 1289 1699 diffimulo,
1324 1564 1448 1663 illum
1474 1561 1590 1690 longe
1616 1592 1828 1695 mojotntt

408 1699 538 1840 stifft
549 1701 759 1831 futurum
784 1775 799 1818 ‚
823 1695 1061 1832 fisortuna
1084 1702 1297 1831 benignior
1323 1708 1458 1798 otium
1482 1770 1496 1814 ,
1523 1732 1573 1797 oo
1602 1700 1825 1834 tranquil-

420 1843 590 1939 litatem
612 1839 851 1941 findiorum
863 1831 1186 1977 steppeditaffit.
1216 1850 1268 1937 In
1281 1831 1499 1935 Annalib.
1516 1834 1824 2075 Tppogrplpb

420 1983 545 2073 citari
570 1985 743 2114 reperio
764 1984 948 2076 Horatii
972 1985 1122 2113 Opera
1147 1972 1430 2074 Ascensranis
1463 1976 1554 2073 aste
1581 1980 1590 1998 ‘
1613 1981 1684 2071 cis

416 2112 551 2212 strata
579 2121 629 2212 in
654 2109 807 2214 AEdib.
836 2109 1015 2213 Ascens.
1045 2152 1117 2211 an.
1160 2151 1300 2235 1505.
1324 2150 1468 2252 eaque
1492 2111 1664 2213 Badius
1695 2112 1821 2215 dedi·

417 2287 517 2348 care
551 2246 593 2349 le
613 2246 764 2350 scribit
786 2248 971 2375 Hallejo
995 2247 1264 2353 adolescenti
1293 2287 1403 2351 cum
1437 2258 1598 2389 primis
1634 2246 1824 2372 nobili,

419 2401 467 2486 &
488 2385 718 2506 studioso,
753 2388 1151 2527 quemadmodum
1178 2405 1224 2488 δι
1247 2386 1398 2490 Aldus
1430 2393 1713 2509 Manutius,
1750 2431 1826 2493 cu-

417 2537 488 2649 jus
512 2533 794 2626 imitatorem
818 2523 861 2625 se
887 2524 1181 2665 profitebatur
1217 2528 1417 2645 Badius,
1453 2521 1552 2626 suas
1577 2535 1632 2627 in
1662 2537 1827 2670 impri-

414 2664 591 2763 mendo
610 2673 807 2765 Horatio
831 2703 987 2804 operas
1015 2672 1206 2766 Marino
1229 2679 1431 2784 Sanuto,
1466 2673 1658 2767 Patricio
1674 2677 1830 2775 Vene-

418 2834 493 2917 to,
529 2804 753 2901 Leonardi
776 2801 876 2900 filio
900 2842 1263 2942 nuncupaverat.

487 2946 676 3037 Horum
702 2948 922 3040 omnium
953 2939 1094 3042 Flacci
1121 2958 1464 3088 interpretum,
1490 2947 1826 3092 aliorumque,

417 3069 453 3168 sr
487 3109 608 3212 quos
632 3073 784 3214 priscae
812 3118 869 3178 eo
892 3115 1097 3224 tempore
1122 3086 1358 3187 Editiones
1381 3083 1700 3225 preferebant,
1728 3093 1827 3194 stu-

411 3210 502 3310 diis
522 3213 733 3316 incensus
751 3220 948 3335 Joannes
972 3230 1293 3344 Britannicus,
1343 3237 1457 3325 atria
1479 3233 1763 3356 brixianus(
1781 3241 1827 3330 is

409 3347 524 3486 ipse,
560 3392 700 3492 quem
713 3327 931 3495 lupetius
955 3362 1194 3480 vidimus,
1232 3263 1418 3498 Fyllidis
1437 3378 1727 3468 conterrauei
1754 3363 1825 3471 sui

411 3482 749 3587 lucubrationes
767 3503 817 3590 in
839 3497 1053 3596 Plautum
1081 3499 1516 3630 emisrffe)Hotatio
1538 3499 1824 3611 illustrando

412 3657 611 3722 manum
622 3624 872 3763 applicuit,
893 3627 1077 3770 ejusque
1097 3640 1259 3738 Artem
1288 3650 1516 3743 Poeticam
1530 3655 1820 3770 ,Sermones

411 3771 458 3853 &
480 3759 702 3896 Epistolas
724 3776 950 3904 perpetuis
984 3781 1103 3872 notis
1130 3776 1371 3915 exposuit.
1409 3790 1663 3902 Quantum
1701 3825 1810 3890 vero

407 3891 607 3996 abfuerit
624 3895 694 4038 ,ab
717 3898 796 4001 illa
816 3900 1078 4029 acerbitate,
1107 3951 1199 4052 qua
1222 3915 1411 4053 Pylades
1429 3927 1697 4061 Georgium
1709 3933 1812 4030 Me·

405 4031 557 4134 rulam
573 4101 588 4155 ,
607 4041 673 4155 Jo.
693 4044 942 4181 Baptistam
960 4055 1123 4170 Pium,
1154 4067 1201 4152 δι
1222 4059 1505 4162 Bernardum
1529 4072 1813 4171 saracenum

403 4170 650 4273 insedimus
675 4175 766 4279 fuit
788 4257 803 4298 ,
820 4239 822 4246 ·
839 4218 951 4282 mox
978 4192 1205 4291 recitanda
1225 4195 1424 4331 Epistola
1445 4197 1736 4329 declarabit,
1756 4218 1808 4310 in

354 4417 356 4424 ¹
404 4345 497 4444 qua
521 4321 658 4413 Viros
694 4314 926 4461 plerosque
947 4361 1110 4428 omnes
1138 4406 1154 4448 ,
1190 4328 1423 4435 literarum
1445 4333 1573 4437 fama
1603 4342 1657 4443 id
1684 4379 1822 4449 tem··

404 4457 528 4582 poris
568 4448 800 4575 celebres,
844 4474 1031 4598 magnis
1065 4462 1278 4570 laudibus
1314 4513 1339 4572 a
1375 4483 1640 4579 Britannico
1681 4487 1807 4600 affici

403 4583 667 4699 constabit3
705 4592 775 4692 vel
811 4593 960 4734 ipsum
990 4602 1251 4727 Merulam,
1300 4617 1356 4745 &j
1369 4621 1535 4733 Pium,
1563 4631 1689 4756 quin
1713 4638 1819 4730 Rae.

399 4720 614 4858 phaelem
649 4766 835 4871 quoque
857 4746 1093 4875 Regium,
1129 4780 1271 4883 quem
1298 4751 1465 4866 Joanni
1476 4751 1805 4894 calphurnio,

395 4870 563 5093 pariter
575 4873 820 4970 Britannici
840 4883 956 4992 civi,
977 4876 1129 4979 multo
1150 4880 1623 5032 infestiorem,quam
1638 4908 1817 5005 Metu·

413 5014 511 5118 ae‚&
524 5009 604 5141 Pio
614 5004 805 5142 Pylades
815 5008 1177 5135 fuerit,dicenda
1191 5026 1802 5146 adOvidiumdemo'nstra-

1558 5169 1735 5284 bunt.
