4459 6750
413 1051 422 1057 ἶ
752 903 1480 1034 ΘΚΛΜΜΛΤΙΟᾹ;
1671 960 1730 1043 43

406 1077 503 1138 rum
522 1045 687 1135 infinita
719 1055 986 1140 multitudo.
1018 1057 1174 1161 Fuere,
1200 1059 1309 1159 scio,
1339 1079 1503 1141 veteres
1529 1055 1590 1142 illi
1612 1059 1693 1146 viti
1715 1061 1812 1174 ‘qui-

406 1167 500 1247 dem
522 1163 787 1247 eruditissimi
807 1224 820 1262 ,
850 1165 1040 1251 homines
1061 1192 1237 1270 tamen,
1265 1170 1425 1280 quippe
1443 1167 1599 1280 quibus
1617 1199 1699 1255 non
1719 1192 1814 1256 tota

400 1274 557 1356 veritas
579 1273 666 1379 sese
688 1271 890 1360 infuderit
910 1343 919 1360 .
949 1280 1098 1390 Itaque
1117 1309 1262 1364 omnes
1281 1299 1329 1365 ut
1349 1278 1500 1369 fallere
1518 1280 1815 1388 potuerunt,&

399 1380 528 1482 falli,
559 1389 622 1467 ita
651 1386 693 1468 in
711 1387 834 1469 rebus
863 1389 1002 1470 dubiis
1032 1420 1155 1471 nemo
1170 1419 1326 1474 eorum
1354 1390 1618 1498 opinionibus
1669 1393 1814 1496 erinde

405 1494 494 1577 sese
515 1496 721 1595 addicat,
749 1517 799 1578 ut
829 1492 1010 1581 facultas
1037 1497 1168 1579 libere
1190 1498 1451 1582 dissentiendi
1481 1529 1559 1583 non
1587 1531 1613 1586 u
1637 1524 1720 1616 que
1744 1531 1813 1613 po-

405 1609 494 1688 tior
524 1607 706 1690 existat.
765 1604 1063 1716 Leganturque
1099 1635 1242 1691 omnes
1267 1608 1339 1691 sed
1378 1637 1476 1691 cum
1496 1610 1689 1699 delectu.
1729 1613 1812 1698 Ne·

411 1743 496 1825 que
514 1724 628 1801 enim
646 1718 710 1800 vis
730 1738 890 1799 naturae
912 1721 952 1798 in
971 1718 1089 1801 nobis
1108 1717 1251 1804 effoeta
1271 1719 1354 1817 est,
1383 1740 1432 1800 ut
1458 1720 1469 1801 i
1503 1720 1652 1805 finihil
1672 1753 1725 1808 ex
1745 1756 1813 1810 no·

407 1827 471 1910 bis
483 1854 637 2018 parere
656 1827 853 1937 posstmus
871 1886 882 1924 ,
903 1825 1217 1940 sentiamusque
1238 1829 1437 1914 bonume
1471 1855 1518 1929 e,
1537 1833 1651 1940 quod
1669 1860 1812 1919 rerum

402 1964 481 2024 mu
501 1940 708 2038 titudine,
729 1966 777 2023 ac
799 1941 1092 2050 magnitudine
1110 1944 1348 2026 vincimur.
1377 1937 1524 2024 Nemo
1541 1941 1596 2023 ad
1616 1946 1817 2048 cognitio·

405 2074 505 2132 nem
525 2052 717 2132 veritatis
733 2055 866 2157 magis
886 2051 1073 2152 accedit,
1101 2080 1232 2164 quam
1261 2056 1334 2164 qui
1353 2050 1552 2161 intelligit
1563 2111 1576 2150 ,
1608 2048 1683 2134 ubi
1703 2053 1814 2136 mul·

404 2176 504 2241 tum
524 2157 774 2269 profecerit,
805 2161 969 2269 semper
986 2182 1129 2248 tamen
1149 2162 1222 2249 fibi
1242 2161 1471 2272 superesse,
1490 2162 1605 2273 quod
1622 2183 1805 2272 quaerat.

404 2266 687 2381 Quapropter
711 2269 870 2355 cunctis
895 2272 1205 2373 adnitendum,
1236 2268 1521 2385 pallendum,
1550 2271 1623 2357 sua
1652 2273 1810 2383 cuique

405 2386 469 2462 vis
487 2377 684 2465 riciunda
704 2437 718 2481 ,
748 2405 796 2465 ut
817 2408 928 2466 novo
946 2383 1111 2493 semper
1129 2386 1274 2496 aliquo
1292 2382 1400 2470 foetu
1422 2404 1561 2468 artem
1582 2383 1814 2467 Gramma·

407 2492 539 2575 ticam
559 2492 792 2602 adaugeat,
822 2517 951 2604 atque
970 2495 1174 2614 illustrft.

480 2635 591 2725 Haec
617 2623 832 2763 praefatus
847 2580 1121 2758 Saturnius),
1153 2663 1264 2727 mox
1285 2621 1594 2741 Priscianum,
1632 2635 1677 2720 dc
1702 2620 1814 2721 Val-

407 2763 501 2866 lam
536 2767 592 2863 de
619 2773 805 2902 Supinis
839 2773 959 2864 inter
988 2764 1031 2862 se
1066 2763 1370 2904 digladiantes
1403 2764 1622 2879 inducit,
1671 2757 1814 2860 altero

409 2947 461 3005 ea
482 2903 579 3004 'effe
602 2912 800 3003 nomina
827 2904 1169 3021 contendente,
1201 2902 1342 3002 altero
1377 2900 1546 3002 verba.
1585 2903 1700 2995 Non
1726 2897 1809 2997 effe

408 3053 631 3158 nomina,
669 3043 913 3178 postquam
951 3039 1161 3171 adversus
1196 3037 1480 3173 ligi-scianum
1518 3033 1727 3174 piobavit
1763 3046 1813 3134 in

410 3221 505 3320 cap.
533 3223 575 3279 2.
612 3174 886 3278 sententiam
909 3174 1055 3283 Valiae
1079 3215 1206 3316 aeque
1231 3168 1424 3273 'exibilat
1446 3185 1497 3273 in
1528 3210 1622 3309 cap.
1649 3211 1687 3286 3.
1717 3168 1814 3273 haec

417 3316 615 3420 habens:

942 3461 1007 3539 Ex
1035 3459 1098 3542 lib.
1130 3461 1168 3540 8.
1196 3485 1227 3541 c.
1252 3478 1289 3556 3.

461 3572 839 3661 Priscianoautem
869 3567 990 3674 longe
1021 3566 1184 3650 diversa
1211 3576 1327 3644 tenet
1344 3555 1629 3655 Laurentius,
1660 3572 1712 3640 ut
1741 3556 1816 3667 qui

410 3715 491 3773 non
506 3686 594 3788 jain
616 3683 785 3767 nomina
806 3737 819 3777 ,
838 3676 909 3760 sed
924 3674 1057 3759 verba
1075 3672 1155 3758 esse
1174 3670 1431 3757 contendat.
1462 3669 1705 3779 Deceptus,
1726 3693 1812 3750 cte-

409 3801 492 3893 do,
508 3788 776 3898 {sonoritate
796 3787 1086 3900 Quintiliani,
1112 3787 1187 3897 qui
1225 3779 1334 3866 libro
1359 3804 1392 3863 1.
1421 3778 1604 3863 Institut.
1627 3777 1738 3859 disin
1768 3774 1816 3862 ὅ(

400 3909 524 4019 fabia
554 3902 682 3985 verba
702 3900 811 3983 dixit
832 3898 1123 4007 participalia.
1153 3896 1255 4008 Qto
1276 3892 1521 4001 ptudentius
1549 3889 1667 3970 nobis
1697 3916 1819 3995 agen·

410 4020 517 4101 dum
529 4071 541 4112 ,
560 4039 610 4096 ne
629 4012 733 4094 dum
748 4009 1027 4094 Laurentium
1047 4006 1337 4114 redarguimus
1349 4059 1361 4098 ,
1381 4002 1422 4079 in
1445 3995 1819 4104 praestantissimum

407 4123 650 4211 Audiorem
676 4122 904 4231 quicquam
934 4117 1246 4228 obloquamur.
1288 4106 1449 4193 Verum
1487 4102 1815 4232 demonstrandae
1940 4126 1945 4136 ·

404 4237 533 4338 hujus
553 4236 743 4316 veritatis
762 4231 933 4316 initium
961 4229 1088 4313 altius
1109 4219 1410 4335 repetendum:
1438 4213 1605 4323 Ecquid
1626 4234 1822 4319 pertime-

408 4350 511 4448 scis,
531 4343 772 4440 Laurenti,
800 4339 952 4449 ecquid
981 4332 1301 4447 tergiversaris?
1338 4326 1458 4411 Nam
1488 4323 1516 4407 si
1547 4324 1675 4408 verba
1698 4323 1821 4423 sunt,

408 4445 509 4544 etim
531 4454 669 4539 modis
689 4511 702 4552 ,
720 4451 768 4535 dt
786 4446 1050 4559 temporibus
1068 4442 1298 4553 significent
1310 4497 1324 4539 ,
1354 4434 1508 4521 necesse
1529 4435 1585 4518 cst
1608 4498 1616 4516 .
1648 4430 1748 4516 Non
1772 4431 1818 4515 st·

409 4568 607 4678 gnificant
628 4584 775 4649 autem
797 4590 898 4651 cum
916 4560 1075 4657 modis,
1093 4556 1141 4639 ὅ(
1162 4549 1446 4662 temporibus,
1470 4574 1548 4629 non
1572 4545 1665 4628 sunt
1686 4547 1818 4655 igitur

412 4679 559 4789 supina
585 4675 716 4762 verba
738 4739 746 4757 .
786 4675 852 4759 Ut
871 4695 951 4757 non
971 4670 1069 4753 licet
1090 4667 1306 4750 hominem
1327 4659 1406 4743 ess'e
1421 4657 1513 4758 ,nist
1536 4661 1649 4740 idem
1670 4658 1821 4739 existat

408 4788 648 4887 rationalis,
667 4786 713 4869 δι
734 4786 952 4882 mortalis,
982 4780 1036 4864 stc
1056 4778 1173 4862 nullo
1193 4775 1322 4860 modo
1342 4769 1431 4854 fieti
1456 4770 1589 4879 potest
1611 4830 1623 4869 ‚
1643 4789 1690 4848 ut
1713 4765 1822 4875 supi·

409 4922 511 4983 num
542 4897 593 4980 stt
615 4895 829 4997 verbum,
848 4894 918 4980 nist
940 4893 1053 4975 idern
1073 4913 1172 4972 curn
1194 4885 1356 4969 modis.
1384 4883 1430 4965 dt
1453 4878 1715 4991 temporibus
1747 4876 1817 4959 ad·

408 5007 635 5119 significet.
665 5013 936 5121 Qaptopter
956 4999 1271 5113 liquidissimum
1288 4997 1378 5101 jam
1403 4994 1475 5094 fit,
1498 4992 1644 5104 supina
1664 5016 1744 5072 non
1765 4980 1822 5064 es·
1886 5043 1888 5050 .

413 5122 456 5203 se
477 5117 626 5204 verba.

753 5230 763 5241 ⁴
1114 5240 1143 5327 F
1183 5265 1207 5321 2
1676 5208 1749 5309 Ad
