4459 6750
827 855 954 965 CA
988 852 1363 962 T.·U'L·L·U
1389 867 1455 960 St
1696 882 1750 961 su

425 1010 547 1092 nant,
576 986 843 1079 eruditorum
861 1018 1230 1108 manus,·quarum
1248 998 1324 1100 (ut
1352 991 1406 1079 fic
1427 995 1593 1096 dicam)
1621 993 1724 1083 lima
1743 998 1828 1085 sor·

424 1107 493 1188 des
510 1131 654 1188 omnes
673 1106 878 1214 deponat,
909 1129 957 1190 ut
980 1105 1104 1198 suum
1123 1107 1341 1219 pristinum
1360 1108 1567 1206 nitorem,
1594 1105 1641 1190 dt
1656 1109 1825 1213 cultum

422 1213 639 1298 resumat.
669 1212 816 1329 Qrar'e
834 1217 953 1298 laetor
974 1213 1270 1303 hoc'saeculum
1299 1215 1539 1305 acutissimis
1558 1217 1725 1325 ingeniis
1754 1217 1827 1302 flo-

421 1347 546 1422 rere,
575 1346 758 1434 quorum
780 1329 847 1433 pia
866 1343 966 1431 cura
997 1328 1110 1426 (nors
1126 1325 1378 1436 posthabitis
1401 1329 1552 1435 'tamen
1579 1323 1644 1407 his
1667 1327 1827 1437 ‘vigiliis

419 1431 597 1530 nostris)
626 1433 1030 1547 Catulli'legitimus
1058 1437 1258 1536 libellus,
1286 1438 1455 1546 quitor
1482 1438 1600 1519 annis
1619 1431 1821 1521 <barbaro

414 1542 1012 1659 rummanibusdeturpatus,
1031 1548 1309 1632 eminentium
1318 1543 1550 1629 Poetarum
1569 1545 1825 1631 consortium

423 1653 597 1749 erubuit
613 1711 641 1759 ,f
662 1656 753 1767 post
772 1656 864 1760 hac,
879 1660 922 1740 in
949 1659 1088 1741 lucem
1113 1657 1298 1765 prodite
1316 1682 1395 1739 non
1424 1652 1669 1763 dubitabit,
1710 1653 1821 1848 &ris

420 1766 535 1849 enirn
553 1768 654 1875 ¹ante
673 1764 924 1878 calphurnii
943 1769 1260 1877 castigationem
1278 1763 1442 1852 Catulli
1463 1762 1618 1875 scripta
1647 1792 1735 1862 non,
1769 1787 1828 1849 to·

423 1872 649 1960 macbosus
665 1875 900 1987 attingebat
913 1872 1031 1961 iHic
1049 1903 1195 1984 porro,
1218 1880 1425 1987 quantum
1448 1872 1622 1959 humani
1641 1879 1752 1959 vires
1769 1877 1828 1958 in·

422 1984 531 2090 genii
554 1983 675 2092 passe
690 1985 808 2088 sunt,
839 2015 929 2071 uno·
944 1987 1085 2071 mense
1102 1984 1361 2085 elaboravit,
1381 2006 1430 2070 ut
1446 1983 1825 2095 quatuorilliPoe·

415 2111 474 2174 tae
489 2094 795 2178 emendatiores
813 2094 1095 2201 haberentur.
1126 2095 1375 2181 Parthenius
1393 2120 1563 2206 quoque
1583 2103 1608 2192 (
1621 2122 1671 2178 ne
1695 2095 1821 2202 longe
1896 2140 1899 2151 ·

416 2199 599 2299 abeam)
629 2203 754 2312 plura
769 2205 863 2289 loca
880 2210 924 2288 in
948 2204 1028 2300 suis
1047 2200 1374 2289 Commentariis
1393 2200 1595 2319 reformat
1614 2261 1626 2303 ,
1649 2202 1696 2285 dt
1716 2202 1822 2284 mul·

417 2310 472 2390 tis
491 2311 583 2393 aliis
601 2311 702 2395 locis
721 2315 860 2399 lucem
880 2315 1057 2401 daturus
1075 2336 1165 2398 erat
1184 2369 1199 2412 ,
1228 2310 1309 2398 nili
1328 2316 1563 2399 amicorum
1584 2312 1748 2407 assiduis
1774 2308 1822 2394 dt

417 2419 611 2526 precibus
637 2480 650 2518 ,
680 2421 1119 2510 &adhortationibus
1149 2423 1390 2534 Editionem
1430 2451 1532 2533 pene
1562 2419 1823 2532 praecipitare

415 2527 585 2611 coaetus
607 2524 774 2614 fuisset.
805 2534 969 2617 Verum
988 2561 1095 2616 nunc
1114 2542 1193 2630 (ut
1213 2536 1387 2643 accepi)
1400 2530 1675 2615 festinationis
1689 2528 1822 2628 jaebu-

417 2663 511 2718 ram
540 2664 696 2740 mora,¹
713 2669 763 2724 ac
781 2643 995 2752 diligentia
1014 2643 1211 2727 resarcire
1229 2647 1380 2726 nititur
1399 2703 1407 2721 .
1439 2640 1531 2750 Ego
1558 2641 1750 2736 interim,
1771 2659 1821 2720 ut

414 2771 493 2854 pro
512 2747 674 2832 viribus
692 2751 845 2840 nostris¹
861 2753 938 2834 tibi
960 2779 1061 2848 mos,
1077 2750 1273 2860 geratur,
1301 2751 1505 2862 quicquid
1537 2749 1605 2830 vel
1633 2776 1686 2829 ex
1708 2771 1820 2856 uete-

413 2879 513 2939 rum
536 2854 754 2943 Codicum·
777 2860 999 2972 prasidio,
1027 2863 1169 2943 velex
1198 2860 1354 2944 affidua
1382 2857 1521 2941 nostra
1549 2857 1748 2940 versuum
1777 2859 1823 2939 li-

413 2961 607 3051 bratione
623 2967 964 3070 observaverim,
993 2968 1193 3055 brevibus
1209 2967 1449 3080 explicabo.
1481 2962 1583 3049 Non
1603 2969 1714 3049 enim
1734 2993 1823 3048 om·

414 3077 533 3160 nium
552 3078 734 3163 rationes
753 3079 974 3181 subjiciam
991 3136 1002 3160 .
1030 3076 1143 3165 Haec
1162 3082 1276 3164 enirn
1295 3077 1377 3163 tibi
1395 3079 1742 3174 committimus,
1767 3095 1821 3159 ur

412 3184 604 3271 conferas
623 3216 723 3272 cum
744 3189 926 3274 aliorum
945 3190 1141 3296 opinione
1156 3190 1366 3289 judicium
1383 3188 1599 3288 nostrum,
1639 3187 1723 3270 uod
1734 3207 1822 3269 tan·

411 3293 543 3404 risper
573 3320 599 3376 a
628 3316 673 3379 te
704 3292 873 3404 probari
900 3297 1182 3394 existimabo,
1210 3299 1319 3406 dum.
1345 3297 1392 3377 id
1418 3300 1462 3376 in
1490 3213 1701 3400 aliquibus
1730 3303 1827 3390 (ut

379 3494 383 3500 ,
413 3404 476 3487 ait
497 3396 671 3491 Plinius)
700 3401 952 3508 displicuisse
968 3430 1223 3512 cognovero.
1251 3402 1396 3485 Omne
1414 3400 1646 3485 Catulliani
1670 3402 1822 3482 carmi·
1908 3440 1913 3451 ·

413 3515 472 3592 nis
493 3539 621 3620 genus
641 3512 828 3595 seorsum
849 3537 1116 3619 percurram,
1136 3530 1288 3620 atque,
1308 3531 1357 3591 ut
1376 3510 1538 3617 plenius
1559 3512 1720 3619 optatis·
1734 3511 1818 3593 tuis

411 3617 733 3729 obtemperem,
764 3649 842 3703 non
862 3619 1267 3721 modosyllabarum
1285 3620 1573 3727 quantitatem
1592 3617 1821 3729 pensitabo,

409 3756 565 3814 rerum
586 3757 734 3841 pravas
754 3729 955 3837 dicii-ones
983 3727 1106 3814 fimul
1134 3726 1345 3813 exarabo.
1624 3773 1629 3780 ·
1712 3773 1716 3780 ·

475 3895 739 4021 Sequuntur
759 3884 1126 4001 emendationes,
1143 3883 1242 4021 poll
1263 3918 1375 4019 quas
1400 3880 1474 3981 bis
1497 3882 1818 3991 verbisAvan-

416 4027 508 4119 tius
535 4019 788 4158 Epistolam
813 4019 1010 4121 claudit:
1710 4051 1713 4056 ·

402 4274 408 4289 ,
436 4197 636 4295 Habes,
670 4198 901 4307 augustine
929 4197 1229 4296 amantissime,
1257 4196 1361 4307 quid
1390 4196 1455 4281 his
1511 4198 1715 4283 enialibus
1736 4202 1820 4284 die·

412 4308 491 4390 bus
508 4334 605 4390 rure
621 4331 831 4392 morantes
851 4309 1053 4391 meditati·
1066 4308 1316 4417 fimus,quae
1335 4223 1594 4393 tamerdnon
1612 4314 1817 4420 praecipiti
1896 4326 1899 4333 '

400 4415 574 4500 ‘calamo
594 4418 834 4528 reponenda
857 4411 1058 4517 fuerant,
1089 4444 1115 4500 a
1143 4444 1212 4499 me
1241 4416 1497 4527 prasertim,
1526 4420 1599 4530 qui
1620 4418 1696 4502 sub
1719 4417 1818 4502 Par·

405 4527 552 4614 theni'o
576 4529 651 4609 vix
674 4551 747 4633 per
764 4529 990 4613 triennium
1018 4535 1060 4610 in
1089 4526 1177 4610 lraec
1198 4518 1332 4610 liudia
1359 4526 1649 4625 incubuerim,
1678 4557 1727 4613 ac
1746 4556 1812 4630 ea.-

406 4635 504 4717 dem
537 4661 610 4743 per
630 4637 962 4748 quinquennium
990 4635 1078 4719 sere
1105 4632 1486 4745 sequestraverim,
1516 4640 1649 4721 malui
1669 4646 1816 4722 tamen

404 4772 429 4825 a
453 4766 496 4827 te
517 4744 876 4857 castigari,quam
897 4748 1074 4860 ignaviae
1090 4740 1295 4829 accusari.
1325 4743 1402 4830 Tu
1416 4748 1547 4860 igitur
1567 4747 1725 4832 nostras
1742 4748 1819 4833 has

400 4853 775 4942 meditatiunculas
794 4856 1007 4970 perlegas,
1027 4855 1317 4966 recognoscas,
1333 4881 1383 4941 ac
1402 4863 1479 4968 pro
1498 4856 1677 4944 arbitrio
1694 4859 1817 4943 casti·

399 4989 490 5076 ges.
521 4961 648 5049 Vale.
677 4963 819 5053 Pridie
841 4967 943 5056 Idus
962 4965 1167 5074 Ociobris
1186 4957 1708 5090 MCCCGLXXXXIH.
1808 5097 1811 5103 Ι

824 5113 826 5121 ·
977 5111 982 5121 “
1135 5107 1139 5116 ’
1463 5101 1522 5123 ”
1639 5105 1747 5246 Epi-
