4459 6750
555 835 841 966 GRAM
849 837 924 946 M
930 839 988 951 A
1006 839 1067 945 T
1075 845 1112 944 1
1121 839 1234 953 CA
1244 921 1255 945 .
1506 884 1532 973 9

300 971 398 1065 lude
413 967 495 1088 fit,
526 998 574 1066 ut
599 983 752 1069 cunliit
779 981 979 1070 Mreotnar
1005 981 1162 1067 ontibus
1189 984 1296 1070 alter

355 1088 553 1194 Dicaris,
582 1122 718 1180 nomen
743 1093 1080 1198 concelebrentque
1107 1114 1241 1179 tuum.

297 1199 381 1287 Nil
404 1199 472 1314 niss
500 1222 542 1291 tc
571 1202 688 1318 nostri
707 1205 888 1312 gaudent
915 1204 1118 1319 meminiffe
1136 1213 1297 1291 Portae

354 1310 437 1398 Nil
461 1313 530 1425 niss
555 1317 827 1427 Martigenam
853 1310 1108 1401 condecorare
1135 1313 1312 1400 domum.
1378 1364 1381 1369 ·
1537 1344 1540 1349 ·

219 1457 350 1552 Eum
361 1451 702 1586 Panegyricum
710 1455 900 1547 Coretus
918 1438 1006 1580 ipfi
1017 1443 1256 1547 Ludovico
1271 1442 1516 1568 dedicavit,
1530 1462 1607 1554 cui

189 1597 338 1690 Lucas
352 1593 536 1688 Tertius
548 1581 804 1727 Epistolam
822 1577 1080 1722 ptaeposuit,
1095 1623 1181 1685 ceu
1194 1580 1397 1688 alteram
1412 1587 1471 1688 ad
1494 1627 1609 1693 eun·

193 1726 597 1831 demLudovicum
611 1728 1608 1862 nuncupotionem,quaPatronum,ocMaece·

192 1901 349 1969 uatem
358 1861 515 1988 suum,
526 1859 931 2001 studiosorumque
946 1869 1167 1962 omnium
1183 1861 1605 2006 eundemoppellat.

262 2000 432 2110 Versus
460 2002 690 2145 quosdam
716 2077 732 2121 ,
757 1997 931 2140 quibus
962 1998 1166 2135 Pylades·
1186 2011 1353 2142 Operis
1377 1999 1448 2107 sui
1478 2003 1606 2108 fron-

191 2179 320 2267 tem,
347 2142 586 2245 &calcem
605 2144 869 2259 e'xornavit,
895 2135 1041 2278 placet
1063 2148 1273 2253 recitare,
1470 2213 1480 2228 .

232 2353 237 2363 ·
375 2298 461 2390 am
469 2293 697 2416 generosum
706 2332 727 2400 ,·
741 2289 1061 2414 nognriimrnque
1081 2294 1221 2380 Veneti
1232 2293 1416 2384 Nominis

404 2446 409 2455 '
508 2435 728 2523 Patricium
745 2422 987 2522 Ludooicum
1006 2433 1303 2549 Martigenam,
1476 2484 1486 2499 a

491 2663 495 2675 .
693 2573 859 2691 Pylades
878 2566 1115 2660 Brixianus.
1333 2676 1336 2683 Ι

301 2700 369 2781 En
397 2695 494 2796 tibi,
522 2698 764 2807 Martigena
789 2690 905 2782 decus
929 2691 1184 2809 insuperabile
1204 2688 1357 2803 gentis,

358 2811 479 2892 Aonii
496 2804 676 2920 fautor,
701 2803 992 2918 prefidiumque
1018 2805 1153 2906 Cborr',

305 2917 433 3005 Clara
459 2917 568 3026 quod
589 2919 780 3026 incipiant
805 2938 882 3023 tua
908 2913 1054 3035 discere
1075 2921 1239 3027 pignora
1264 2940 1449 3018 carmen,

362 3031 471 3144 Qor
496 3029 598 3115 male
623 3033 837 3115 Teutonico
864 3059 940 3114 non
965 3033 1069 3136 cupis
1098 3058 1164 3116 ore
1190 3029 1311 3136 loqui.

297 3146 408 3240 Hoc,
428 3140 524 3250 [licet
547 3143 748 3250 exiguum,
778 3137 948 3246 Pylades
976 3137 1050 3234 tibi
1074 3145 1243 3224 muneris
1270 3133 1411 3254 offert,

355 3253 432 3336 Cui
457 3248 537 3351 nil,
564 3248 670 3357 quod
687 3247 804 3368 pofftt
832 3247 1022 3348 tradere,
1050 3251 1176 3350 maius
1206 3271 1321 3334 erat.

185 3399 190 3410 ·
303 3361 464 3475 Miscuit
491 3360 558 3447 ille
584 3383 715 3448 temen
738 3384 866 3469 paroo
885 3362 964 3467 sua
990 3357 1112 3442 corda
1137 3357 1277 3455 libello,

355 3478 483 3561 Ferre
502 3495 630 3584 paret
648 3478 818 3559 Domino
844 3469 940 3555 dum
963 3466 1132 3576 pretiosa
1157 3469 1300 3576 magis.

297 3583 477 3702 ‘Suscipe,
505 3584 550 3672 6·
576 3585 679 3670 tunc
708 3579 853 3672 rabidr
879 3610 910 3666 a
936 3577 1048 3688 oulgr'
1066 3575 1264 3692 morsibus,
1289 3604 1385 3684 oro,

318 3697 321 3702 ’
358 3701 551 3806 Protege,
579 3700 813 3808 Martigena
839 3689 1014 3792 vindice,
1042 3707 1155 3774 tutus
1170 3692 1269 3776 erit.

324 3834 363 3872 ⁸
457 3844 626 3958 Pylades
656 3844 812 3955 Joanni
832 3835 1058 3931 Britomico
1082 3838 1162 3948 suo
1188 3842 1268 3931 Sol.
1290 3843 1351 3931 D·
1438 3932 1441 3938 .

314 3961 492 4048 Imbuere
517 3960 665 4077 institui
679 3959 848 4070 Pylades
873 3992 946 4072 quo
960 3962 1128 4080 Nestora
1153 3963 1307 4047 dulcem

358 4071 569 4170 Filiolam,
597 4078 739 4161 tenerir
761 4072 912 4188 prorsus
939 4075 991 4158 al
1019 4070 1229 4183 unguiculis
1238 4098 1258 4169 ;

301 4190 372 4271 Nc
393 4182 492 4294 sera
515 4182 710 4274 barbaries
738 4184 876 4271 multos
902 4182 1098 4270 bacchata
1122 4204 1191 4290 per
1218 4204 1339 4264 annot

232 4302 240 4305 “
344 4302 486 4380 -Hunc'
503 4325 650 4403 quoque
667 4300 926 4381 Teutonicum
952 4295 1069 4382 donet
1098 4291 1240 4378 babere
1256 4286 1417 4401 sophos:

300 4406 378 4494 Ad
400 4430 441 4492 te
470 4405 696 4513 (quidquid
717 4407 763 4490 id
776 4404 853 4516 est)
873 4405 1053 4521 facunde
1069 4408 1332 4507 Britannice,
1356 4409 1492 4509 rnitto,

361 4522 452 4633 ,Quo
473 4528 556 4602 ‘non
582 4523 624 4601 in
651 4537 733 4604 toto
760 4517 810 4633 cst
834 4525 963 4603 carior
990 4516 1078 4630 orbe
1103 4513 1222 4601 mihi.

299 4630 362 4715 Ut
391 4649 487 4728 tua,
514 4653 601 4735 qua
610 4624 768 4824 [emper
794 4635 1009 4714 communia
1031 4633 1195 4740 pignora
1222 4625 1342 4732 duxi,

360 4741 406 4821 Si
428 4740 583 4847 placet,
638 4745 669 4825 ir
695 4738 776 4853 ipfir
803 4738 995 4859 instituiffe
1023 4765 1175 4854 qroeorr.v

263 4886 471 4995 Praetereo
498 4877 555 4979 ad
579 4865 854 4980 Scholoium
879 4878 1017 4982 usum
1039 4861 1180 4986 breve
1205 4879 1592 5000 vocabularium,

188 5022 403 5262 messicli}
420 5009 600 5158 legibuo
622 5026 840 5121 vinitum
865 5091 882 5138 ,
917 5018 1106 5255 Pgladeo
1136 5019 1436 5159 composuit,
1467 5018 1598 5252 l<prod

314 5233 326 5257 .
399 5231 410 5254 .
526 5180 530 5188 “
1506 5186 1544 5258 ts
