4459 6750
761 902 1462 1040 GRAMMATJCA
1674 921 1744 1037 to·

417 1150 421 1155 ⁴
474 1035 700 1140 Acerbins
720 1041 875 1142 adhuc
896 1055 1166 1180 Laurentius
1189 1042 1385 1185 carpitur
1409 1052 1555 1182 capite
1584 1087 1654 1168 ¹3·
1677 1063 1807 1175 cujus

413 1175 684 1307 hujusmodi
710 1182 777 1309 est
806 1191 1025 1284 initium:
1129 1241 1160 1283 .·
1210 1178 1213 1183 ⁵

918 1323 1281 1428 Examen.
1607 1417 1613 1429 ⁵
1793 1396 1804 1425 -.

416 1422 647 1552 [Nullum
667 1429 723 1513 est
742 1450 889 1515 autem
918 1446 1108 1518 erratum
1136 1437 1179 1513 in
1209 1435 1361 1517 Latina
1374 1435 1517 1544 lingua
1547 1436 1693 1548 paullo
1717 1437 1809 1520 infi'·

402 1561 557 1642 gnrus,
583 1541 701 1640 cujus
722 1540 976 1623 Laurentius
1005 1569 1085 1626 non
1112 1539 1260 1627 aueror
1287 1541 1375 1624 fere
1392 1549 1568 1651 existat,
1608 1553 1668 1632 ira
1698 1549 1803 1631 dum

406 1664 543 1727 nerras
564 1650 676 1757 quast
696 1651 751 1732 ad
766 1650 878 1758 leges
897 1648 1094 1738 Latinam
1116 1652 1303 1761 linguam
1325 1652 1510 1761 redigit,
1539 1685 1618 1739 non
1645 1658 1813 1767 oppres·

404 1751 495 1860 sam
509 1758 708 1860 vindicat,
721 1758 791 1842 sed
802 1762 942 1869 potius
959 1764 1000 1844 in
1022 1765 1289 1853 teterrimam
1304 1761 1553 1849 servitutem
1572 1770 1808 1893 contrudit·

476 1934 529 2022 ln
550 1922 782 2060 capitibus
806 1961 962 2026 aurem
999 1921 1421 2064 subsequentibuS,
1457 1923 1540 2022 ubi
1572 1935 1809 2022 Saturnius

412 2069 511 2197 agit
534 2063 599 2158 -de
624 2059 965 2196 SuperlatiuiS,
986 2073 1048 2163 ira
1069 2061 1346 2201 superlative
1378 2070 1679 2163 Laurentium
1710 2100 1812 2160 exa·

409 2210 553 2336 girat,
590 2236 643 2299 ut
670 2196 829 2297 nullus
849 2198 1143 2337 progressioni
1171 2200 1297 2300 locus
1325 2199 1528 2338 amplius
1558 2197 1615 2297 ab
1640 2239 1695 2297 eo
1724 2196 1804 2298 siat

344 2346 347 2351 ’
411 2334 644 2473 reliquus;
668 2377 722 2434 eo
743 2347 869 2435 enim
897 2337 1038 2477 usque
1061 2342 1293 2476 procedit,
1310 2377 1362 2440 ut
1384 2347 1684 2438 Laurentium
1711 2375 1806 2436 non

409 2482 630 2570 omnium
657 2473 878 2611 bipedum
906 2479 1075 2594 modo,
1098 2515 1262 2575 verum
1286 2488 1427 2576 eriam
1452 2477 1811 2612 quadrupedum

409 2608 827 2747 petulantissimum
851 2612 1237 2753 appellet.ltaque
1250 2614 1388 2739 hujus
1403 2613 1493 2712 loci
1508 2614 1591 2713 else
1612 2611 1828 2729 videtur,

405 2786 463 2848 ut
488 2788 572 2847 nos
602 2787 789 2886 quoque
821 2749 967 2850 metas
997 2752 1075 2852 hic
1105 2751 1305 2889 figamus
1327 2761 1526 2851 Saturnii
1562 2787 1670 2849 cum
1694 2759 1811 2846 Lau-

407 2897 558 2985 rentio
579 2886 1026 3008 concertationibus,
1064 2929 1267 3027 quarum
1293 2886 1578 3027 asperitatem
1604 2886 1678 2986 his
1708 2923 1817 2985 ver-.

405 3022 477 3122 bis
510 3025 568 3121 ad
590 3023 761 3124 calcem
784 3038 949 3167 Operis
971 3026 1149 3128 excusat
1171 3037 1431 3130 Saturnius:

916 3187 982 3264 Ex
1009 3181 1070 3269 lib.
1094 3205 1157 3265 10.
1187 3211 1217 3266 c.
1243 3212 1304 3268 ro.

403 3358 407 3366 .
462 3289 685 3375 Studiosos
702 3317 845 3375 omnes
864 3291 935 3374 hic
956 3297 1112 3400 pariter
1127 3317 1325 3377 exoratos
1344 3294 1537 3401 cupiam,
1563 3308 1688 3375 utne
1708 3288 1816 3374 milri

405 3406 517 3486 uitio
539 3424 706 3483 verrant
718 3460 730 3499 ,
760 3428 865 3482 neve
884 3404 1089 3508 iniquiore
1109 3406 1252 3482 animo
1270 3400 1428 3497 ferant,
1449 3400 1577 3481 strubi
1594 3397 1813 3487 consutam

405 3515 469 3596 dis
499 3511 709 3594 erroribus
739 3511 866 3616 paulo
885 3510 1169 3591 mordaciores
1201 3509 1270 3589 vifi
1296 3509 1467 3591 sumus.
1508 3506 1628 3592 Nam
1660 3511 1812 3593 verita·

403 3645 493 3705 tem
515 3622 608 3730 quis
627 3646 705 3700 non
728 3621 827 3699 satis
845 3622 1072 3725 amar,qui
1091 3614 1320 3700 falfiratem
1340 3644 1418 3697 non
1442 3617 1676 3724 plurimum
1696 3619 1814 3702 odiri

402 3732 746 3841 Ecquamquam
767 3726 1043 3812 efficaciffime
1060 3723 1241 3824 refellit,
1263 3726 1459 3834 quisquis
1487 3754 1675 3811 errorem
1703 3729 1815 3836 opri-

404 3871 476 3925 me
505 3843 688 3945 retegit,
718 3840 872 3919 veritas
902 3859 1045 3918 tamen
1073 3834 1191 3947 ipsa,
1220 3836 1471 3945 nescioquo
1500 3839 1630 3921 modo
1648 3893 1662 3930 ,
1683 3836 1814 3921 altius

406 3949 623 4033 mentibus
652 3949 875 4029 hominum
894 3945 1105 4055 infigitur,
1134 3947 1208 4029 ubi
1238 3946 1550 4052 increpitando,
1579 3972 1711 4050 quam
1734 3945 1812 4027 ubi

407 4059 655 4171 fimpliciter
670 4056 945 4153 ostendendo,
975 4055 1272 4167 persuadetur.

473 4215 611 4337 Quod
632 4224 833 4315 Saturnii
863 4216 1007 4314 nostri
1033 4219 1292 4310 Mercurius
1320 4204 1696 4349 preceptionibus
1718 4202 1808 4306 suis

405 4394 501 4457 non
529 4355 658 4454 aliud
688 4390 787 4453 roto
810 4363 985 4490 Opere,
1001 4388 1147 4489 quam
1169 4358 1405 4449 veritatem
1430 4351 1658 4468 statuerit,
1675 4383 1811 4487 arque

412 4488 709 4633 persuaserit,
735 4487 869 4590 facile
892 4497 1044 4629 quivis
1067 4484 1327 4627 dignoscet,
1342 4526 1485 4629 quem
1508 4529 1603 4591 non
1632 4497 1785 4629 pigeat
1792 4564 1832 4607 ,.

410 4645 544 4769 Opus
556 4631 673 4732 illud
691 4671 717 4730 a
734 4628 886 4729 fronte
904 4631 968 4730 ad
983 4626 1151 4728 calcem
1173 4626 1417 4768 perlegere,
1433 4670 1484 4729 ac
1499 4637 1725 4769 praecipue
1740 4627 1811 4727 cass

410 4779 506 4908 pita
523 4765 601 4865 illa
617 4765 923 4907 introspicere,
935 4784 980 4868 &
992 4805 1213 4888 excutere,
1223 4811 1276 4868 ex
1293 4767 1463 4909 quibus
1478 4766 1666 4868 literarii
1682 4764 1808 4865 illius

404 4903 684 5007 certaminis
692 4905 907 5048 praeludia
921 4903 1361 5050 repraesenta-vimus
1385 4920 1450 5010 Ea
1467 4946 1623 5010 autem
1643 4916 1692 5003 in
1712 4942 1807 5004 me·
1835 5003 1842 5009 .

399 5047 543 5146 dium
572 5043 697 5190 larga
724 5085 869 5151 manu
895 5046 1202 5194 proferentes,
1238 5052 1286 5151 id
1307 5060 1469 5188 utique
1490 5086 1574 5149 nos
1597 5040 1807 5146 consecu-

468 5182 521 5285 P.
539 5187 605 5289 II.
1179 5195 1223 5286 G
1511 5235 1522 5244 ·
1667 5210 1740 5275 tos
