4459 6750
472 909 578 1004 200'
856 896 1385 1012 POETICA·

399 1053 576 1186 negotii
593 1038 800 1182 primum
817 1040 1285 1181 niagnitudine,dein
1303 1034 1576 1156 valetudinis
1595 1033 1807 1138 imbecil-

400 1187 550 1304 litate,
566 1225 617 1283 ac
641 1185 791 1322 postea
805 1181 1093 1321 gravioribus
1109 1183 1274 1284 studiis
1290 1189 1490 1285 vetitum
1506 1174 1546 1275 se
1575 1175 1732 1297 fuiffe,
1748 1219 1806 1278 ne

402 1333 734 1466 cogitationem
760 1318 892 1422 illam
921 1321 1180 1461 perficerem
1217 1324 1416 1422 denium
1436 1354 1586 1459 quum
1615 1315 1812 1457 superio-

407 1465 535 1565 ribus
556 1461 720 1564 diebus
742 1460 953 1596 Elegiam
971 1460 1209 1597 quandam
1232 1456 1489 1594 scripsrffet‚
1519 1461 1637 1557 &ad
1659 1458 1812 1597 ipsum

405 1601 702 1704 Cardinalem
723 1596 983 1698 Farnesrum
1009 1673 1023 1715 ,
1052 1633 1195 1735 quem
1221 1591 1307 1694 fibi
1334 1593 1605 1695 alieniorem
1628 1595 1814 1701 fastum

410 1740 679 1857 verebatur,
701 1730 911 1856 misisset,
943 1732 1191 1872 Aloystum
1216 1735 1451 1855 Priulum,
1481 1747 1654 1839 Virum
1684 1736 1814 1841 sum-

410 1922 490 1985 nia
520 1878 606 1978 fibi
636 1874 960 1980 neceffrtudine
986 1886 1318 2002 conjunstum,
1344 1875 1584 2014 ea'Elegia
1615 1877 1814 2018 petledia

406 2028 647 2120 auctorem
671 2014 756 2116 fibi
791 2014 956 2136 fuiffe,
993 2053 1046 2118 ut
1072 2018 1234 2118 eadem
1274 2015 1354 2116 illa
1384 2014 1609 2117 scribendi
1637 2029 1815 2124 ratione

411 2160 605 2259 Davidis
625 2157 830 2289 hymnos
853 2185 1116 2256 exornaret.
1153 2154 1320 2256 Subdir
1347 2154 1524 2256 ibidem
1540 2159 1812 2284 Flaminius,

410 2295 452 2397 se
475 2307 663 2435 triginta
691 2323 876 2399 tantum
899 2292 1189 2398 Psalmorum
1218 2294 1513 2436 paraphrasin
1535 2297 1777 2401 confecisse
1802 2379 1816 2423 ,

442 2435 619 2535 lurium
643 2474 760 2540 certe
789 2433 1148 2573 comesturum,
1191 2433 1226 2536 sr
1255 2477 1333 2577 per
1370 2435 1691 2542 valetudinem
1728 2438 1814 2542 fibi

408 2477 619 2675 dicuiffer:
657 2582 723 2680 Ut
745 2597 856 2681 mim
876 2586 1065 2718 (inquit
1087 2579 1144 2679 ad
1161 2574 1457 2707 Farnesrum)
1478 2612 1615 2681 tetum
1633 2613 1722 2718 pro
1743 2616 1816 2686 tua

398 2713 613 2846 fingulari
635 2717 905 2820 humanitate
931 2723 1082 2855 loquar
1103 2717 1427 2849 familiariter,
1465 2722 1577 2821 illud
1598 2724 1720 2855 scire
1753 2727 1817 2823 de-

408 2857 510 2968 bes,
539 2866 602 2954 ita
630 2869 845 2960 rationem.
861 2868 1015 2987 ingenii
1033 2868 1118 2957 mei
1135 2891 1428 2994 comparatam
1454 2855 1562 2997 effi,
1588 2891 1639 2960 ut
1663 2859 1821 2995 nonnifi

408 2995 457 3091 de
479 2996 590 3089 none
611 3004 654 3090 in
675 2997 859 3094 tenebris
881 2997 1035 3127 versus
1060 3033 1131 3126 ego
1144 2995 1291 3124 [acere
1316 3029 1375 3135 po
1405 3036 1499 3115 tm,
1520 3029 1574 3101 ut
1595 3005 1714 3108 mihi
1749 3035 1817 3108 aut

411 3130 492 3230 bac
518 3139 818 3238 exercitatione
838 3145 1014 3271 penitus
1040 3134 1327 3273 abstinendum
1370 3169 1433 3256 tt,
1461 3170 1538 3241 aut
1562 3176 1680 3244 certe
1709 3156 1816 3278 vigi·

413 3270 589 3370 landum
611 3327 638 3367 .’
658 3275 742 3374 Ex
759 3315 845 3409 qua
874 3278 1043 3409 quidem
1063 3311 1109 3377 re
1127 3277 1447 3407 etiamsacium
1470 3277 1554 3411 est,
1576 3312 1630 3383 ut
1652 3270 1833 3389 Brevia-

411 3446 480 3510 rcs
494 3408 867 3548 quoqucPsalmos
888 3422 1076 3514 oratione
1102 3408 1379 3539 illustrandos
1389 3425 1656 3557 susceperim
1672 3500 1688 3545 ,
1704 3438 1817 3566 quipa

399 3577 455 3685 pe
479 3560 555 3685 qui
581 3553 700 3677 longo
726 3550 801 3677 ufir
827 3552 973 3645 doiius
1001 3549 1381 3685 exploratrffimum
1399 3560 1600 3664 haberem
1621 3569 1746 3703 (qun
1762 3578 1814 3669 itt

398 3695 516 3815 graii
539 3681 702 3811 meiest
724 3690 1049 3817 intemperantia
1063 3692 1083 3810 )
1099 3722 1401 3830 quemcumque
1414 3694 1647 3827 Pfirlmum
1660 3713 1817 3847 aggres-

394 3822 478 3956 sus
493 3820 642 3950 sorem
668 3856 781 3936 ,non
808 3817 1172 3959 intermiffirrum‚
1197 3835 1339 3967 quoad
1362 3836 1488 3934 illum
1510 3841 1569 3936 ad
1580 3839 1730 3975 finem
1751 3846 1813 3982 us-

295 3975 344 4067 γ’
403 3994 482 4097 qne
499 3959 798 4095 perducerem,
831 3962 883 4060 id
899 3960 1012 4097 quod
1036 3964 1228 4100 proseria
1255 3966 1348 4101 stne
1383 4011 1534 4106 magna
1560 3989 1681 4084 vitae
1711 3997 1815 4123 peti·

403 4099 498 4203 culo
517 4108 560 4198 in
579 4093 771 4232 Pfirlmis
790 4099 1048 4236 longioribus
1060 4104 1214 4235 sarcre
1238 4146 1318 4212 non
1337 4112 1594 4257 patuisfemr
1613 4124 1700 4225 lux
1720 4139 1819 4230 mint

407 4241 682 4344 meditantem
696 4237 798 4370 ferr
812 4244 985 4377 semper
1005 4242 1278 4389 opprefflffet.
1317 4264 1430 4354 Haec
1462 4296 1489 4355 a
1512 4255 1755 4366 Flaminio
1778 4282 1820 4371 in

407 4378 613 4518 Epistola
631 4384 983 4523 Nuncupatoria
1007 4384 1094 4493 iuae
1119 4390 1403 4535 Paraphrasrs
1430 4438 1610 4502 narrata
1629 4406 1819 4510 Thuani

407 4521 592 4623 dierum
617 4521 748 4623 nulla
775 4564 973 4667 exparte
999 4533 1307 4659 confirmant,
1336 4538 1410 4644 sed
1435 4553 1478 4645 ei
1500 4554 1659 4684 potius
1689 4546 1819 4650 refra-

409 4694 579 4799 gantur
603 4702 614 4770 3
652 4664 776 4763 unde
800 4664 932 4766 facile
953 4678 1058 4807 quis
1083 4674 1250 4774 adduci
1267 4685 1407 4819 poffet
1431 4686 1489 4783 ad
1513 4676 1815 4811 credendum,

408 4804 611 4916 Jovitam
646 4812 797 4937 potius
837 4808 1092 4930 nostrum,
1129 4853 1276 4955 quam
1307 4821 1601 4931 Flaminium
1634 4872 1665 4930 a
1691 4840 1817 4971 Regi

405 4937 547 5038 naldo
571 4937 682 5037 Polo
704 4952 945 5043 monitum
974 4944 1135 5072 fuiffe,
1173 4996 1225 5061 ut
1243 4961 1460 5066 divinam
1484 4970 1825 5074 Dauidicoruut¹

405 5075 695 5184 Psalmorum
735 5084 1024 5210 maiestatem
1055 5101 1232 5206 Latinis
1272 5100 1474 5210 versibus
1510 5120 1815 5251 exprimetur

1674 5264 1761 5360 Ar·
