4459 6750
682 921 818 1004 ,100
1045 885 1648 1012 ORATORIA.

642 1047 737 1133 quae
757 1024 828 1106 alii
850 1024 988 1133 prima
1009 1043 1198 1131 putant,
1227 1055 1277 1113 ea
1304 1052 1349 1114 tu
1371 1032 1485 1140 regia
1505 1028 1691 1136 quadam
1708 1019 1838 1105 animi
1858 1016 2053 1107 sublimi·

645 1155 737 1217 tate
757 1137 816 1218 ita
835 1133 916 1217 des
936 1133 1095 1231 exeris,
1128 1156 1177 1216 ut
1206 1164 1257 1219 ne
1287 1140 1480 1223 delatum
1498 1138 1684 1247 quidem
1712 1133 1947 1217 virtutibus
1967 1186 1982 1230 ,
2002 1156 2055 1214 ac

640 1246 804 1328 meritis
831 1247 873 1326 in
933 1239 1176 1326 hristianam
1196 1242 1358 1355 Remp.
1375 1249 1458 1331 tuis
1488 1246 1708 1330 summum
1739 1238 2053 1325 Pontificatum

640 1354 828 1464 accipere
846 1351 1102 1453 sustinuerim
1130 1353 1283 1437 multis
1297 1356 1481 1439 dubium
1505 1351 1743 1461 reliqueris,
1773 1350 1908 1449 major
1930 1377 1982 1433 ne
2003 1346 2053 1430 stt

642 1463 734 1548 laus
759 1484 858 1564 tua,
887 1462 1004 1574 quod
1032 1461 1284 1569 supremum
1300 1464 1414 1543 istius
1436 1463 1653 1565 digni-tatis
1679 1460 1859 1567 gradum
1890 1486 2052 1544 metue·

646 1573 702 1657 ris
710 1601 788 1676 ,an
805 1576 921 1686 quod
940 1568 1142 1654 recusatis
1153 1598 1171 1668 ;
1189 1567 1298 1653 mihi
1317 1595 1418 1652 veto
1437 1566 1617 1651 dubium
1639 1590 1720 1648 non
1739 1567 1927 1679 lit,quin
1946 1571 2053 1656 mul·

642 1705 691 1769 to
709 1682 1075 1769 admirabiliorem
1094 1700 1138 1763 te
1156 1678 1412 1777 recusando,
1430 1703 1561 1789 quam
1582 1678 1783 1763 merendo
1803 1682 2052 1791 praebueris.

640 1790 764 1879 Nam
783 1793 1010 1890 merendo,
1030 1791 1136 1876 alios
1162 1791 1320 1891 labore,
1349 1809 1480 1900 atq-ue
1509 1786 1749 1873 assiduitate
1777 1791 1849 1874 vel
1867 1796 2055 1891 viceras,

627 1897 713 1989 'vel
733 1931 936 2016 aequaras:
967 1902 1220 2001 recusando,
1242 1902 1289 1986 dc
1309 1900 1426 2001 illos,
1443 1902 1513 2001 dc,
1531 1901 1648 2012 quod
1666 1899 1964 1988 difficillimum
1975 1905 2056 2002 est,

646 2038 693 2099 te
712 2017 850 2128 ipsum
868 2013 1101 2126 superasti.
1138 2010 1289 2127 Itaque
1305 2013 1421 2123 apud
1447 2039 1540 2111 eos,
1569 2015 1643 2123 qui
1670 2011 1834 2124 aliquid
1863 2016 2057 2125 sapiunt,

644 2146 768 2211 tanto
785 2124 921 2228 major
940 2130 1105 2235 semper
1124 2150 1167 2207 es
1185 2120 1806 2236 futurus,quantohoc,quam
1827 2125 1933 2212 illud
1946 2184 1959 2224 ,
1972 2153 2056 2210 ma

642 2232 711 2336 jus
739 2236 970 2322 existimari
989 2255 1179 2347 oportet.
1208 2235 1349 2337 Hinc,
1369 2235 1485 2345 quod
1503 2235 1669 2347 semper
1686 2236 1906 2346 expetisti,
1928 2234 2057 2320 felici·

645 2363 713 2431 ter
731 2377 774 2434 es
793 2348 1062 2447 consecutur,
1082 2369 1132 2433 ut
1151 2349 1254 2433 nulli
1275 2375 1356 2432 non
1372 2368 1491 2457 grata
1510 2343 1560 2428 stt
1580 2345 1822 2433 humanitas
1842 2371 1946 2434 tuac
1967 2374 2056 2459 quae

643 2461 811 2568 optimo
829 2462 983 2570 cuique
1000 2459 1055 2544 ad
1072 2460 1314 2545 amicitiam
1330 2478 1450 2542 tuam
1468 2454 1577 2540 fores
1596 2461 1848 2570 aperit,qua
1869 2487 1940 2542 me
1958 2486 2056 2570 quo·

645 2594 730 2680 que
747 2571 862 2683 quasi
883 2573 1071 2682 aliquem
1098 2598 1121 2652 e
1152 2573 1236 2653 tuis
1264 2572 1324 2654 ita
1353 2567 1675 2678 compleCleris,
1700 2590 1749 2651 ut
1782 2570 1849 2651 vel
1871 2569 1955 2653 hoc
1977 2598 2055 2654 uno

644 2687 816 2769 nomine
838 2681 919 2766 tibi
939 2709 1009 2766 me
1028 2681 1264 2791 plurimum
1284 2678 1438 2763 debere
1457 2678 1656 2763 sentiam.
1686 2675 1850 2763 Verum
1864 2683 2055 2792 ,quando

645 2818 783 2900 neque
801 2822 878 2902 ego
909 2791 989 2876 tibi
1008 2795 1269 2901 quicquam,
1294 2813 1446 2900 praetcr
1463 2793 1573 2899 grati
1591 2791 1722 2873 animi
1743 2791 1850 2900 signa
1863 2851 1876 2891 ,
1890 2793 2056 2902 'praesta-

645 2925 693 2981 re
742 2900 908 2997 ossum,
937 2924 1072 3008 neque
1089 2904 1208 2984 aliud
1234 2928 1260 2984 a
1281 2927 1350 2983 me
1371 2920 1445 2982 tua
1476 2899 1550 2983 illa
1570 2899 1766 2985 sublimis
1784 2903 1963 2987 videtur
1992 2932 2057 3016 po·

647 2930 804 3092 stuiare
822 3007 1154 3106 fortuna,erunt
1174 3009 1218 3091 hi
1238 3012 1428 3093 maxime
1446 3008 1543 3094 libri
1558 3037 1685 3120 ,quos
1704 3012 1757 3096 de
1774 3041 1957 3099 numero
1975 3044 2057 3103 ora·

634 3119 760 3203 torio
780 3115 1101 3230 composuimus
1118 3176 1132 3216 ,
1161 3121 1371 3230 quamdiu
1399 3121 1592 3230 legentur
1612 3181 1624 3221 ,
1644 3123 1671 3204 sr
1692 3125 1824 3209 modo
1842 3127 2058 3236 legentur,

644 3256 752 3313 mere
777 3229 818 3312 in
839 3249 882 3312 te
901 3227 1180 3316 observantiae
1198 3254 1524 3315 monumentum
1546 3265 1553 3314 :
1582 3258 1686 3342 quos
1705 3254 1779 3334 tu,
1799 3234 2059 3325 sibenemo·

645 3366 712 3425 tes
732 3361 828 3426 tuos
848 3344 945 3427 novi
965 3401 979 3444 ,
999 3342 1067 3428 vel
1085 3342 1142 3425 ob
1161 3340 1247 3426 lanc
1263 3371 1396 3427 unum
1414 3364 1606 3428 amanter
1625 3342 1813 3444 fovebis,
1840 3352 1960 3460 quod
1981 3380 2060 3436 noo

648 3452 782 3540 inanis
800 3452 944 3566 gloriae
956 3512 969 3552 ,
995 3481 1076 3538 non
1095 3452 1274 3560 quaeslut
1292 3454 1469 3551 alicujus
1489 3458 1650 3561 gratia,
1671 3455 1741 3539 sed
1761 3457 1849 3543 solo
1869 3463 1923 3547 de
1946 3464 2059 3551 bonit

645 3562 820 3676 ingeniis
842 3564 948 3647 bene
966 3562 1159 3647 merendi
1176 3562 1314 3644 studio
1333 3561 1590 3648 uidebiselie
1609 3567 1890 3681 conscriptor.

720 3791 880 3917 ltaque
902 3793 1146 3919 RapiciuS,
1183 3820 1235 3885 ut
1264 3791 1321 3889 ad
1348 3783 1514 3895 Polum
1537 3788 1716 3920 scribit,
1755 3838 1849 3900 non
1885 3802 2063 3942 plures,

655 3954 800 4057 quam
827 3957 1026 4058 quatuor
1046 3926 1104 4023 de
1127 3934 1348 4026 Oratorio'
1366 3970 1567 4034 numer-o
1594 3934 1733 4038 libros
1755 3938 2036 4046 conscribere
2044 4022 2062 4065 ,-

546 4190 548 4194 .
651 4066 705 4158 in
733 4068 896 4161 animo
921 4058 1166 4174 habueram
1206 4102 1251 4164 at
1278 4105 1429 4207 quum
1455 4112 1531 4171 eos
1561 4071 1815 4180 absolvisset
1834 4158 1860 4201 ,.
1890 4091 2059 4185 amico-

550 4249 552 4252 ·
649 4238 759 4303 rum
798 4202 1044 4304 admonit-u
1081 4214 1303 4344 quintum
1340 4209 1583 4330 adtexuit,
1620 4252 1716 4354 quo
1747 4234 2057 4325 recentiorum

654 4342 954 4473 quorundam
979 4343 1035 4440 de
1055 4384 1110 4442 eo
1136 4383 1415 4483 argumento
1430 4363 1588 4452 inanes
1617 4366 1866 4495 opiniones·
1888 4362 2059 4463 refelle-

651 4510 753 4591 ret,
781 4487 955 4616 quique
985 4517 1226 4619 propterea
1248 4496 1412 4624 exigit,
1451 4529 1503 4591 ut
1527 4495 1678 4595 eidem
1710 4497 2057 4640 aliquantulum

649 4620 961 4715 immoremur
985 4695 996 4715 .
1034 4630 1087 4719 ln
1115 4636 1211 4745 ejus
1235 4627 1423 4723 exordio
1433 4670 1576 4744 ,cum
1599 4633 1771 4776 quibus
1791 4638 1877 4740 fibi
1901 4684 1975 4744 res
1992 4642 2057 4762 fit,

649 4752 806 4852 statim
827 4753 1024 4860 declarat
1047 4834 1062 4876 ,
1089 4753 1303 4863 videlicet
1322 4801 1438 4864 cuna
1460 4764 2057 4915 Philippo-Melanchtone,

651 4892 2059 5068 GherardoBucoldiano,&JacoboLudovicoStrebaeo:quo

649 5069 759 5166 rum
786 5035 882 5145 duo
914 5044 1086 5185 priores
1123 5047 1262 5147 iniis
1287 5056 1650 5161 Commentariis
1679 5135 1695 5181 ,
1721 5098 1839 5203 quos
1860 5066 1922 5165 de
1939 5075 2060 5170 ·Artc

1864 5204 1998 5313 Rhe·
