4459 6750
824 891 868 992 O
903 887 1422 1010 RATORIA·
1678 934 1768 1011 ¹¹9

415 1051 477 1128 ,ex
496 1050 636 1111 rerum
655 1024 869 1136 gestarum
889 1030 1183 1139 magnitudine
1212 1032 1265 1116 de
1286 1030 1457 1114 Andrea
1486 1055 1764 1141 conceperat,
1795 1054 1842 1120 ut

422 1165 550 1246 quam
568 1143 610 1221 in
634 1137 752 1222 holle
773 1147 978 1224 virtutem
1012 1144 1251 1242 timuerat,
1276 1170 1375 1224 eam
1403 1169 1458 1222 ne
1485 1144 1529 1223 in
1558 1146 1734 1252 captivo
1751 1151 1843 1256 qui·

420 1250 517 1331 dem
540 1253 686 1334 mitari
705 1251 917 1336 desisteret
937 1307 952 1352 ,
976 1280 1030 1336 ac
1056 1251 1279 1365 propositis
1305 1251 1562 1351 honoribus,
1592 1254 1638 1337 ὅ(
1654 1263 1840 1365 praemiis

420 1360 462 1440 in
481 1385 623 1471 partes
643 1363 733 1446 suas
753 1361 1151 1447 traberehominem
1168 1365 1404 1447 laboraret.
1419 1363 1843 1476 andcumnonim·

420 1470 621 1582 petrallet
644 1531 656 1572 ‚
685 1501 734 1556 ac
748 1473 840 1576 jam
860 1494 1073 1581 perpetua
1091 1473 1307 1556 servitutis
1322 1525 1341 1571 ‚·
1363 1474 1411 1557 &
1432 1475 1631 1561 dutilsrmi
1659 1485 1837 1563 carceris

421 1610 629 1667 aerumnas
650 1588 829 1693 captivo
842 1583 1104 1682 minaretur,
1134 1608 1184 1663 ne
1204 1581 1257 1665 fic
1275 1585 1452 1694 quidem
1467 1606 1610 1671 tantus
1626 1589 1699 1673 ille
1718 1589 1836 1687 Rex,

421 1691 469 1776 ὃ(
492 1694 654 1790 vidior,
669 1693 720 1778 -&
740 1696 953 1793 dominns,
980 1693 1097 1803 quod
1116 1693 1403 1792 voluerat2est
1427 1695 1701 1803 consecutus,
1731 1731 1832 1787 cum

421 1808 487 1888 vir
505 1803 748 1890 fortilltmus
771 1805 947 1890 subinde
960 1806 1262 1915 responderet,
1285 1805 1538 1890 libertatem
1559 1810 1753 1922 quidem,
1775 1839 1835 1896 at·

419 1943 502 2025 que
522 1918 645 2002 usum
666 1916 773 2003 lucis
791 1919 925 2003 adimi
944 1915 1018 2001 fibi
1038 1915 1174 2026 polle,
1196 1914 1348 2002 Patriae
1369 1920 1595 2002 caritatem
1617 1942 1837 2031 extorque·

408 2029 453 2109 ‘ri
484 2054 565 2135 non
585 2029 718 2141 polle,
749 2058 798 2114 ac
817 2050 963 2134 contra
983 2027 1123 2137 ipsum
1144 2027 1310 2140 Regem
1329 2032 1601 2131 admoneret,
1630 2056 1680 2113 -ut
1702 2033 1837 2116 homi·

418 2164 516 2223 nem
547 2137 589 2225 se
608 2139 688 2225 elle
707 2138 983 2238 meminisset,
1003 2167 1137 2250 neque
1157 2142 1266 2225 inter
1284 2145 1377 2226 illos
1395 2141 1595 2225 succell'us
1616 2141 1837 2227 oblivisce·

416 2272 561 2352 retur,
589 2253 706 2365 quod
728 2247 828 2335 ellct
848 2277 998 2361 anceps
1014 2275 1214 2353 eventus,
1233 2253 1280 2339 δι
1301 2252 1472 2339 fortuna
1492 2251 1731 2340 bellorum.
1760 2245 1834 2340 P's·

418 2363 601 2448 netravit
620 2368 815 2449 animum
834 2361 1104 2474 generosum,
1122 2392 1171 2450 ac
1192 2365 1313 2477 plane
1333 2365 1497 2477 regium
1516 2422 1530 2464 ,
1547 2362 1742 2466 fortis‚.&
1763 2366 1837 2448 bo·
1867 2368 1870 2374 ’

418 2475 460 2556 ni
481 2476 559 2558 viti
581 2476 831 2586 tempestiva
850 2477 987 2560 ota'tio
1009 2531 1021 2572 ,
1049 2496 1110 2576 at,
1127 2505 1180 2563 ue
1203 2478 1359 2564 :efficax
1382 2477 1460 2569 illa
1491 2477 1755 2586 eloquentia,
1781 2476 1831 2560 dc

415 2587 614 2692 generosa
632 2587 873 2690 fortitudo,
897 2586 1010 2669 adeo
1034 2585 1087 2668 2&
1096 2502 1218 2700 ltegi
1234 2614 1385 2702 grata,
1407 2587 1460 2674 ὅ(
1481 2586 1610 2700 Reip.
1630 2609 1835 2699 opportu-

415 2722 469 2778 na
487 2701 689 2809 contigit,
721 2723 770 2783 ut
791 2703 850 2799 is,
865 2698 945 2788 ,ubi
970 2698 1235 2809 captivitatis
1253 2705 1367 2787 mala
1385 2698 1513 2815 paulo
1532 2722 1629 2784 ante
1651 2699 1834 2813 pertule-

413 2826 507 2908 rat,
537 2808 596 2893 ibi
611 2809 702 2911 jam
724 2808 907 2896 Parrum
928 2808 1100 2892 decreto
1120 2812 1249 2922 legati
1264 2813 1451 2909 bonore,
1482 2839 1562 2897 non
1581 2811 1662 2896 fine
1681 2814 1831 2920 magna

412 2915 547 3029 Regis
569 2924 815 3034 voluptate,
836 2919 1085 3032 fungeretur
1106 2981 1120 3023 ,
1151 2923 1198 3008 dt
1219 2923 1505 3011 honestissimae
1526 2923 1639 3007 illius
1662 2922 1834 3004 societa-

415 3033 468 3113 tis
490 3035 680 3117 ineundae
699 3037 904 3144 interpres
923 3030 1046 3129 effet,
1067 3060 1162 3144 quae
1182 3065 1263 3121 una
1282 3033 1455 3122 tande-m
1475 3034 1644 3119 hostiles
1663 3031 1832 3133 injurias

413 3143 600 3272 reptelfit
617 3201 635 3242 ,
666 3143 721 3229 ,δε
754 3146 1079 3230 ,imminentium
1112 3147 1334 3236 malorum
1373 3145 1643 3261 tempestates
1679 3147 1830 3256 procul

405 3271 599 3339 avertit.

482 3373 703 3465 ‘Demum
736 3380 1064 3507 comparatio,
1095 3406 1246 3505 ..quam
1258 3380 1485 3506 Rapicius
1514 3368 1713 3467 instituit
1736 3371 1832 3463 An-

405 3506 532 3607 dreae
557 3515 680 3605 Griti
706 3544 817 3603 cum
847 3502 1105 3605 fortillrmis
1121 3518 1312 3625 Roma,
1334 3521 1381 3606 δε
1404 3515 1585 3606 Graeciae
1606 3502 1832 3624 Ducibus,

411 3652 589 3749 mitam
614 3642 836 3746 eretorr's
862 3648 1009 3745 nostri
1035 3643 1352 3784 eloquentiam
1376 3646 1687 3747 demonstrat:

471 3801 599 3922 Qrid'
624 3832 732 3887 curn
759 3804 830 3889 sua
861 3804 988 3889 illum
1015 3802 1166 3889 Patria
1202 3802 1291 3905 jam
1323 3803 1497 3890 tandem
1535 3825 1708 3915 receptu
1754 3803 1828 3886 im:

410 3920 531 4027 perio
558 3914 656 3997 laeta
683 3917 852 4022 excepit
881 3925 902 3993 ,ἲ
929 3941 1024 4025 quae
1051 3914 1330 4000 admiratio?
1357 3943 1452 4025 quae
1484 3942 1606 3996 voces
1630 3917 1829 4007 omnium

411 4026 561 4115 fuere?
590 4025 745 4139 quibus
775 4027 846 4126 ille
861 4026 971 4109 adeo
991 4051 1069 4109 non
1089 4025 1146 4108 est
1168 4028 1328 4125 elatus,
1346 4048 1394 4107 ut
1416 4024 1532 4105 ultro
1550 4028 1683 4105 etiam
1703 4023 1830 4105 offe-n-

411 4142 606 4232 deretur,
627 4166 675 4221 ac
692 4138 864 4223 laudern
885 4138 1032 4236 illam,
1049 4136 1286 4247 &gloriam
1307 4155 1447 4219 totam
1468 4132 1524 4216 ad
1543 4132 1747 4216 Senatum
1769 4163 1826 4215 rc·

410 4253 501 4334 dire
530 4248 816 4347 desideraret,
847 4250 894 4335 ὅ(
924 4248 1041 4362 quast
1072 4248 1205 4331 bonus
1234 4245 1426 4343 athleta,
1456 4240 1635 4357 perablis
1656 4241 1825 4327 fortiter

408 4354 605 4445 omnibus
627 4362 930 4445 certaminibus
949 4416 964 4460 ‚
983 4388 1063 4441 non
1085 4381 1174 4443 tam
1196 4359 1259 4457 se,
1288 4384 1419 4467 quam
1433 4357 1625 4469 patriam
1645 4382 1824 4452 corona,

408 4474 456 4557 ὅ(
477 4475 617 4581 palma
638 4470 840 4582 insignem
860 4471 938 4553 elle
958 4471 1110 4554 vellet.
1143 4469 1442 4586 Qamobrem
1471 4467 1619 4553 laudet
1637 4464 1744 4567 jam,
1774 4493 1823 4549 ut

409 4585 663 4686 libet,cives
682 4584 777 4669 suos
796 4580 976 4669 facunda
990 4584 1138 4682 Attica
1154 4612 1167 4685 3
1194 4579 1328 4687 jactet
1346 4580 1498 4691 Sparte
1519 4577 1738 4681 bellicosa3
1752 4579 1831 4663 tol·

408 4700 472 4782 lat
493 4699 533 4779 in
553 4697 710 4793 coelum
734 4693 880 4780 Roma
894 4694 1079 4791 Martia,
1107 4696 1214 4781 dum
1245 4693 1315 4777 hic
1334 4722 1440 4778 unns
1473 4694 1643 4805 optimo
1667 4701 1825 4801 cuique

407 4836 558 4893 eorum
578 4810 757 4894 conferri
777 4831 1022 4893 mereatur.
1056 4808 1272 4923 Quamvis
1294 4809 1410 4891 enim
1438 4805 1521 4889 illis
1534 4806 1711 4915 imperii
1741 4828 1829 4884 ma·

405 4920 590 5033 gnitudo
620 4942 714 5007 tum
744 4920 967 5031 plurium,
992 4944 1093 5029 ‘tum
1122 4921 1335 5027 majorum
1367 4945 1513 5018 rerum
1543 4915 1828 5036 gerendarum

402 5030 945 5147 occafionempraelliterit,
975 5030 1048 5117 ubi
1069 5055 1213 5119 tamen
1231 5035 1376 5120 omnia
1398 5032 1623 5141 diligenter
1643 5025 1824 5107 excolle-

399 5151 458 5235 ris
466 5211 479 5253 ‚
493 5143 619 5235 facile
640 5142 940 5251 videas‚alios',
961 5148 1067 5233 dum
1090 5151 1300 5236 incautius
1319 5138 1612 5259 pugn'ant,vel
1631 5133 1724 5327 setse
1745 5157 1828 5217 non

508 5278 510 5281 ·
1704 5268 1776 5331 am
