4459 6750
745 912 842 994 144
927 880 938 899 ⁸
1065 869 1272 998 o-RA
1305 879 1429 988 To
1464 879 1655 1003 RIAss
2045 1038 2048 1045 Ι

669 1053 790 1122 tetur
806 1095 821 1140 ,
840 1015 977 1157 quod
990 1009 1110 1152 ipse,
1130 1016 1302 1157 aliique
1321 1032 1441 1122 cives
1464 1016 1561 1138 sui,
1587 1035 1634 1119 &
1655 1020 1817 1133 amici,
1843 1031 1939 1140 ejus
1956 1054 2070 1160 pra-

642 1154 784 1258 ¹srdio
808 1168 859 1256 in
885 1151 991 1253 albo
1016 1164 1341 1255 Patavinorum
1370 1155 1675 1256 Professorum
1702 1149 1937 1291 descripti,
1967 1193 2074 1256 om-

667 1335 747 1400 nes
770 1294 970 1396 eundem
991 1288 1127 1391 suum
1155 1303 1779 1430 experianturMecaenatem.
1797 1290 2076 1394 Praeclatisst·

666 1473 804 1535 mum
841 1430 989 1534 alium
1026 1428 1165 1568 ipsius
1200 1429 1461 1528 Becichemi
1497 1437 1842 1566 Mecaenatem,
1879 1432 1937 1528 de
1974 1469 2070 1569 quo

667 1584 809 1675 etiam
832 1571 987 1707 aliqua
1010 1568 1216 1666 diximus
1247 1576 1295 1666 in
1321 1575 1467 1704 priore
1494 1563 1632 1688 hujus
1658 1577 1929 1703 speciminis
1969 1610 2067 1708 par-

648 1750 740 1831 re,
776 1706 962 1811 exhibet
987 1742 1150 1846 caput,
1184 1707 1312 1845 quod
1352 1715 1402 1805 in
1436 1745 1486 1803 ea
1514 1714 1735 1804 Centuria
1765 1705 1890 1805 illico
1927 1703 2041 1811 subs
2054 1779 2068 1795 -

649 1861 850 1990 -quitur,
867 1857 1216 1982 Hieronymum
1238 1855 1468 1947 nimirum
1484 1855 1750 1946 Donatum.
1773 1857 1929 1984 Qate
1950 1850 2064 1953 dum

663 2001 819 2092 Petrus
836 1985 1035 2088 Bembus
1049 2028 1152 2090 ,non
1173 1989 1286 2086 adeo
1305 1984 1419 2086 ben'e
1442 1985 1498 2084 de
1512 1986 1784 2087 Becichemo
1805 1984 1982 2089 sensisse
2005 2003 2062 2095 vi-

659 2131 792 2230 detur
816 2169 869 2228 ex
886 2125 1112 2266 Epistola,
1128 2162 1272 2266 quam
1295 2122 1501 2264 superius¹
1512 2120 1818 2262 allegavimus
1831 2137 1909 2245 ‚in
1934 2167 2058 2234 men-

551 2237 564 2263 ’
650 2304 754 2368 tem
778 2276 934 2384 venit,
971 2262 1143 2368 Schosae
1172 2264 1428 2365 Becichemi
1452 2259 1846 2404 infrequentiam,
1885 2270 1946 2370 de
1973 2312 2059 2412 qua

648 2414 708 2506 in
729 2448 780 2506 ea
800 2401 1001 2545 Epistola
1026 2400 1227 2523 Bernbus
1244 2416 1540 2548 conqueritur
1566 2445 1596 2523 ,·
1616 2446 1713 2509 non
1748 2417 2061 2546 exiguae-Pro

656 2541 828 2648 sessoris
858 2544 983 2645 illius
1006 2544 1258 2666 dolirinae,
1294 2543 1368 2645 sed
1404 2544 1733 2686 ingravescenti
1761 2560 1880 2651 artati
1907 2558 2060 2678 (nam

654 2695 810 2820 paucis
839 2682 1074 2787 mensrbus
1095 2687 1196 2824 post
1226 2686 1389 2788 Bembi
1412 2686 1667 2828 Epistosam
1696 2687 1829 2787 illam
1848 2693 2062 2796 Beciche-

643 2858 763 2920 .mus
785 2837 879 2945 jam
904 2822 1036 2923 senex
1056 2820 1256 2952 decessit)
1269 2837 1442 2960 aequius
1455 2822 1538 2924 eise
1555 2824 1910 2930 adscribendam
1929 2842 2065 2937 Mu.

658 2995 747 3058 nus
771 2957 828 3055 ab
841 2970 1137 3094 Hieronymo
1149 2971 1336 3060 Donato
1362 2960 1446 3060 stbi
1468 2965 1770 3102 impostum,
1788 2967 1951 3072 filium
1975 2990 2077 3102 eius'

653 3098 952 3218 instituendi,
966 3097 1039 3198 his
1061 3097 1210 3201 verbis
1236 3098 1415 3202 extollit
1426 3103 1724 3207 Be'cichemus
1741 3108 1977 3243 :Profelio
1998 3157 2058 3221 nec

641 3238 901 3375 presentes,
921 3277 994 3341 nec
1009 3241 1178 3380 poileri
1205 3245 1414 3346 audebunt
1439 3281 1504 3347 me
1535 3252 1593 3354 Θ
1617 3247 2055 3390 modtsliffimum,&

654 3377 974 3523 erudittffimum
996 3376 1174 3509 diffiteri
1184 3418 1207 3491 2⁸
1243 3393 1319 3520 qui
1344 3386 1600 3521 Hieronymi
1621 3397 1795 3492 Donati
1814 3398 1984 3526 judicio
2001 3404 2054 3502 lc-

648 3518 805 3631 lclius‚
820 3525 909 3648 ejus
928 3519 1120 3646 filiolum
1147 3517 1431 3645 instituerim,
1452 3562 1607 3624 veram
1630 3542 1781 3663 patris
1805 3537 2047 3671 imaginem,

648 3654 798 3764 illius,
827 3661 1032 3785 inquom,
1054 3688 1177 3786 quem
1189 3653 1374 3789 suspicit
1394 3662 1591 3796 Apollo,
1613 3670 1756 3767 colunt
1783 3680 1927 3813 music
1951 3716 2040 3799 ,vt-

645 3812 852 3888 necantur
869 3796 1028 3918 gratie
1050 3825 1073 3896 t
1109 3799 1186 3927 qui
1219 3801 1261 3891 in
1288 3805 1402 3896 omni
1427 3803 1657 3905 literarum
1677 3838 1835 3939 genere
1867 3821 2037 3959 ,qoiltt

645 3927 730 4051 (ut
746 3922 995 4062 Philosophi
1013 3956 1115 4030 utar
1137 3932 1281 4062 lingua
1302 3944 1318 4056 )
1342 3949 1510 4040 animus
1525 3938 1596 4077 st
1618 3948 2034 4088 diviuiffltnus,torts

642 4077 827 4168 omnium
851 4067 1054 4187 excellit,-
1080 4073 1138 4175 (9’
1162 4079 1205 4172 in
1230 4073 1475 4212 eloquentie
1487 4078 1647 4209 studiis
1674 4097 1738 4215 ita
1766 4129 1933 4226 regnat
1952 4133 2032 4218 ‚to,

637 4209 813 4341 perinde
842 4238 970 4341 atque
994 4210 1269 4332 verurRetc,
1283 4224 1832 4462 parem,outsuper-iorem
1855 4240 2034 4376 agnesctt

643 4354 847 4443 neminem
864 4421 873 4440 .
912 4341 1122 4446 Pluribus
1144 4348 1297 4451 adhuc
1320 4363 1370 4454 in
1390 4398 1440 4455 ea
1459 4363 1616 4499 Episto
1634 4407 1658 4464 a
1677 4370 2031 4477 Becichemucse

645 4475 844 4579 effundit
865 4490 912 4580 in
941 4481 1093 4584 laudes
1105 4498 1305 4591 Donati.
1330 4508 1506 4597 Curam
1531 4540 1686 4605 aurem
1710 4504 1847 4613 suam
1879 4528 1930 4619 in
1955 4531 2032 4644 ejus

641 4614 741 4720 filio
771 4620 1010 4721 educando
1030 4622 1102 4722 his
1128 4626 1277 4726 verbis
1305 4629 1566 4766 pollicetur:
1604 4644 1721 4748 Puer
1746 4682 1855 4756 tuus
1878 4662 1942 4759 ad
1961 4695 2029 4775 me,

641 4794 773 4894 quum
799 4761 1044 4892 placuerit,
1078 4776 1262 4866 veniat.
1299 4766 1528 4879 Potentem
1554 4795 1690 4884 animi
1709 4790 1779 4889 laic
1809 4803 2001 4901 inveniet
2013 4832 2027 4905 t'

497 4977 499 4981 ,
638 4899 779 5034 quoad
791 4925 967 5033 potero,
992 4907 1050 5005 (ς’
1074 4905 1239 5024 licebit,
1261 4945 1287 5005 a
1309 4911 1442 5015 latere
1468 4955 1557 5018 meo
1584 4941 1799 5063 ttunq'uom
1833 4939 2022 5073 discedet,

635 5068 686 5139 ut
711 5075 791 5142 teon
815 5040 935 5143 modo
958 5042 1150 5164 dicendi,
1171 5046 1259 5184 secl
1278 5052 1335 5157 (t
1360 5052 1455 5155 bene
1483 5066 1667 5168 vivendi
1696 5066 2022 5211 mogislrum'ot

1900 5222 1979 5325 bo·
