<?xml version="1.0" encoding="UTF-8"?>
<!DOCTYPE html PUBLIC "-//W3C//DTD XHTML 1.0 Transitional//EN"
    "http://www.w3.org/TR/xhtml1/DTD/xhtml1-transitional.dtd">
<html xmlns="http://www.w3.org/1999/xhtml" xml:lang="en" lang="en">
 <head>
  <title>
</title>
<meta http-equiv="Content-Type" content="text/html;charset=utf-8" />
  <meta name='ocr-system' content='tesseract 3.04.00' />
  <meta name='ocr-capabilities' content='ocr_page ocr_carea ocr_par ocr_line ocrx_word'/>
</head>
<body>
  <div class='ocr_page' id='page_1' title='image "./specimenvariael00quirgoog_0106.png"; bbox 0 0 4459 6750; ppageno 0'>
   <div class='ocr_carea' id='block_1_1' title="bbox 398 851 1839 3210">
    <p class='ocr_par' dir='ltr' id='par_1_1' title="bbox 403 851 1824 1557">
     <span class='ocr_line' id='line_1_1' title="bbox 485 851 1701 997; baseline -0.012 -30"><span class='ocrx_word' id='word_1_1' title='bbox 485 881 543 967; x_wconf 81' lang='lat' dir='ltr'>aa</span> <span class='ocrx_word' id='word_1_2' title='bbox 753 859 823 990; x_wconf 46' lang='grc' dir='ltr'><strong>ἢ</strong></span> <span class='ocrx_word' id='word_1_3' title='bbox 886 851 1474 980; x_wconf 78' lang='lat' dir='ltr'><em>HORATIUS</em></span> <span class='ocrx_word' id='word_1_4' title='bbox 1695 990 1701 997; x_wconf 17' lang='lat'>⁵</span> 
     </span>
     <span class='ocr_line' id='line_1_2' title="bbox 407 979 1824 1137; baseline -0.02 -29"><span class='ocrx_word' id='word_1_5' title='bbox 407 1005 750 1109; x_wconf 89' lang='lat' dir='ltr'>riumminime</span> <span class='ocrx_word' id='word_1_6' title='bbox 781 1012 1010 1136; x_wconf 80' lang='lat' dir='ltr'>appareat,</span> <span class='ocrx_word' id='word_1_7' title='bbox 1046 997 1262 1137; x_wconf 89' lang='lat' dir='ltr'>quodque</span> <span class='ocrx_word' id='word_1_8' title='bbox 1291 991 1347 1091; x_wconf 88' lang='lat' dir='ltr'>de</span> <span class='ocrx_word' id='word_1_9' title='bbox 1372 988 1537 1091; x_wconf 88' lang='lat' dir='ltr'>eodem</span> <span class='ocrx_word' id='word_1_10' title='bbox 1573 979 1711 1084; x_wconf 83' lang='lat' dir='ltr'>nulla</span> <span class='ocrx_word' id='word_1_11' title='bbox 1733 1009 1824 1081; x_wconf 68' lang='lat' dir='ltr'>oc:</span> 
     </span>
     <span class='ocr_line' id='line_1_3' title="bbox 403 1124 1819 1276; baseline -0.013 -36"><span class='ocrx_word' id='word_1_12' title='bbox 403 1175 550 1240; x_wconf 85' lang='lat' dir='ltr'>currat</span> <span class='ocrx_word' id='word_1_13' title='bbox 574 1148 751 1236; x_wconf 90' lang='lat' dir='ltr'>mentio</span> <span class='ocrx_word' id='word_1_14' title='bbox 779 1174 927 1276; x_wconf 89' lang='lat' dir='ltr'>neque</span> <span class='ocrx_word' id='word_1_15' title='bbox 953 1146 1004 1236; x_wconf 91' lang='lat' dir='ltr'>in</span> <span class='ocrx_word' id='word_1_16' title='bbox 1027 1133 1243 1236; x_wconf 88' lang='lat' dir='ltr'>Biblioth.</span> <span class='ocrx_word' id='word_1_17' title='bbox 1261 1127 1426 1231; x_wconf 84' lang='lat' dir='ltr'>Fabric.</span> <span class='ocrx_word' id='word_1_18' title='bbox 1455 1162 1604 1264; x_wconf 87' lang='lat' dir='ltr'>neque</span> <span class='ocrx_word' id='word_1_19' title='bbox 1623 1132 1682 1224; x_wconf 89' lang='lat' dir='ltr'>in</span> <span class='ocrx_word' id='word_1_20' title='bbox 1710 1124 1819 1222; x_wconf 87' lang='lat' dir='ltr'>An-</span> 
     </span>
     <span class='ocr_line' id='line_1_4' title="bbox 403 1261 1823 1414; baseline -0.015 -34"><span class='ocrx_word' id='word_1_21' title='bbox 403 1278 497 1381; x_wconf 89' lang='lat' dir='ltr'>nal.</span> <span class='ocrx_word' id='word_1_22' title='bbox 511 1286 717 1414; x_wconf 87' lang='lat' dir='ltr'>Typogr.</span> <span class='ocrx_word' id='word_1_23' title='bbox 738 1271 971 1376; x_wconf 75' lang='lat' dir='ltr'>silentium</span> <span class='ocrx_word' id='word_1_24' title='bbox 995 1272 1083 1374; x_wconf 92' lang='lat' dir='ltr'>hoc</span> <span class='ocrx_word' id='word_1_25' title='bbox 1114 1281 1327 1376; x_wconf 84' lang='lat' dir='ltr'>notitiam</span> <span class='ocrx_word' id='word_1_26' title='bbox 1354 1308 1380 1367; x_wconf 93' lang='lat' dir='ltr'>a</span> <span class='ocrx_word' id='word_1_27' title='bbox 1405 1261 1539 1369; x_wconf 81' lang='lat' dir='ltr'>nobis</span> <span class='ocrx_word' id='word_1_28' title='bbox 1562 1262 1620 1362; x_wconf 91' lang='lat' dir='ltr'>de</span> <span class='ocrx_word' id='word_1_29' title='bbox 1645 1261 1823 1361; x_wconf 88' lang='lat' dir='ltr'>eodem</span> 
     </span>
     <span class='ocr_line' id='line_1_5' title="bbox 408 1396 1792 1557; baseline -0.014 -40"><span class='ocrx_word' id='word_1_30' title='bbox 408 1413 633 1557; x_wconf 84' lang='lat' dir='ltr'>prolatam</span> <span class='ocrx_word' id='word_1_31' title='bbox 661 1408 1087 1553; x_wconf 85' lang='lat' dir='ltr'>magis,magisque</span> <span class='ocrx_word' id='word_1_32' title='bbox 1109 1406 1373 1513; x_wconf 52' lang='lat' dir='ltr'>&amp;oloribus</span> <span class='ocrx_word' id='word_1_33' title='bbox 1404 1396 1792 1505; x_wconf 79' lang='lat' dir='ltr'>commendabit.</span> 
     </span>
    </p>

    <p class='ocr_par' dir='ltr' id='par_1_2' title="bbox 398 1535 1839 3210">
     <span class='ocr_line' id='line_1_6' title="bbox 479 1535 1819 1690; baseline -0.009 -38"><span class='ocrx_word' id='word_1_34' title='bbox 479 1551 730 1690; x_wconf 85' lang='lat' dir='ltr'><strong>Aliquibus</strong></span> <span class='ocrx_word' id='word_1_35' title='bbox 766 1589 921 1653; x_wconf 90' lang='lat' dir='ltr'>tamen</span> <span class='ocrx_word' id='word_1_36' title='bbox 967 1592 1021 1651; x_wconf 86' lang='lat' dir='ltr'>ex</span> <span class='ocrx_word' id='word_1_37' title='bbox 1065 1549 1156 1650; x_wconf 87' lang='lat' dir='ltr'>illis</span> <span class='ocrx_word' id='word_1_38' title='bbox 1191 1535 1655 1650; x_wconf 84' lang='lat' dir='ltr'>Commentatoribus</span> <span class='ocrx_word' id='word_1_39' title='bbox 1708 1574 1819 1641; x_wconf 86' lang='lat' dir='ltr'>nota</span> 
     </span>
     <span class='ocr_line' id='line_1_7' title="bbox 406 1682 1820 1806; baseline -0.009 -13"><span class='ocrx_word' id='word_1_40' title='bbox 406 1691 537 1793; x_wconf 83' lang='lat' dir='ltr'>fuiffe</span> <span class='ocrx_word' id='word_1_41' title='bbox 558 1730 609 1789; x_wconf 89' lang='lat' dir='ltr'>ea</span> <span class='ocrx_word' id='word_1_42' title='bbox 634 1699 881 1794; x_wconf 84' lang='lat' dir='ltr'>Britannici</span> <span class='ocrx_word' id='word_1_43' title='bbox 898 1697 1280 1806; x_wconf 81' lang='lat' dir='ltr'>Commentaria,</span> <span class='ocrx_word' id='word_1_44' title='bbox 1317 1682 1462 1786; x_wconf 79' lang='lat' dir='ltr'>facile</span> <span class='ocrx_word' id='word_1_45' title='bbox 1485 1682 1690 1782; x_wconf 88' lang='lat' dir='ltr'>inducor</span> <span class='ocrx_word' id='word_1_46' title='bbox 1713 1756 1732 1801; x_wconf 90' lang='lat'>,</span> <span class='ocrx_word' id='word_1_47' title='bbox 1767 1715 1820 1781; x_wconf 86' lang='lat' dir='ltr'>ut</span> 
     </span>
     <span class='ocr_line' id='line_1_8' title="bbox 406 1818 1816 1968; baseline -0.006 -37"><span class='ocrx_word' id='word_1_48' title='bbox 406 1832 778 1968; x_wconf 86' lang='lat' dir='ltr'>credam,quum</span> <span class='ocrx_word' id='word_1_49' title='bbox 803 1829 1051 1931; x_wconf 65' lang='lat' dir='ltr'>enehorum</span> <span class='ocrx_word' id='word_1_50' title='bbox 1080 1836 1201 1966; x_wconf 78' lang='lat' dir='ltr'>penu</span> <span class='ocrx_word' id='word_1_51' title='bbox 1226 1822 1373 1927; x_wconf 86' lang='lat' dir='ltr'>multa</span> <span class='ocrx_word' id='word_1_52' title='bbox 1397 1819 1455 1922; x_wconf 90' lang='lat' dir='ltr'>ab</span> <span class='ocrx_word' id='word_1_53' title='bbox 1478 1818 1570 1919; x_wconf 91' lang='lat' dir='ltr'>illis</span> <span class='ocrx_word' id='word_1_54' title='bbox 1591 1819 1816 1959; x_wconf 82' lang='lat' dir='ltr'>deprom-</span> 
     </span>
     <span class='ocr_line' id='line_1_9' title="bbox 408 1958 1817 2107; baseline -0.006 -39"><span class='ocrx_word' id='word_1_55' title='bbox 408 2007 483 2107; x_wconf 87' lang='lat' dir='ltr'>pta</span> <span class='ocrx_word' id='word_1_56' title='bbox 510 1966 868 2102; x_wconf 87' lang='lat' dir='ltr'>dignoscantur.</span> <span class='ocrx_word' id='word_1_57' title='bbox 904 1971 987 2070; x_wconf 87' lang='lat' dir='ltr'>Sed</span> <span class='ocrx_word' id='word_1_58' title='bbox 1017 1963 1193 2070; x_wconf 75' lang='lat' dir='ltr'>fortalie</span> <span class='ocrx_word' id='word_1_59' title='bbox 1221 1959 1458 2066; x_wconf 88' lang='lat' dir='ltr'>nonnullis</span> <span class='ocrx_word' id='word_1_60' title='bbox 1491 1958 1699 2061; x_wconf 82' lang='lat' dir='ltr'>accidere</span> <span class='ocrx_word' id='word_1_61' title='bbox 1732 1998 1817 2100; x_wconf 86' lang='lat' dir='ltr'>po-</span> 
     </span>
     <span class='ocr_line' id='line_1_10' title="bbox 405 2103 1812 2244; baseline -0.006 -37"><span class='ocrx_word' id='word_1_62' title='bbox 405 2117 521 2225; x_wconf 91' lang='lat' dir='ltr'>tuit,</span> <span class='ocrx_word' id='word_1_63' title='bbox 555 2108 683 2242; x_wconf 88' lang='lat' dir='ltr'>quod</span> <span class='ocrx_word' id='word_1_64' title='bbox 709 2104 793 2206; x_wconf 86' lang='lat' dir='ltr'>fibi</span> <span class='ocrx_word' id='word_1_65' title='bbox 815 2107 1010 2207; x_wconf 87' lang='lat' dir='ltr'>accidere</span> <span class='ocrx_word' id='word_1_66' title='bbox 1035 2103 1222 2244; x_wconf 77' lang='lat' dir='ltr'>potuisse</span> <span class='ocrx_word' id='word_1_67' title='bbox 1254 2108 1487 2204; x_wconf 87' lang='lat' dir='ltr'>Antonius</span> <span class='ocrx_word' id='word_1_68' title='bbox 1512 2104 1738 2200; x_wconf 84' lang='lat' dir='ltr'>Muretus</span> <span class='ocrx_word' id='word_1_69' title='bbox 1762 2106 1812 2198; x_wconf 87' lang='lat' dir='ltr'>in</span> 
     </span>
     <span class='ocr_line' id='line_1_11' title="bbox 407 2239 1817 2359; baseline -0.005 -16"><span class='ocrx_word' id='word_1_70' title='bbox 407 2241 496 2343; x_wconf 85' lang='lat' dir='ltr'>luis</span> <span class='ocrx_word' id='word_1_71' title='bbox 521 2243 585 2340; x_wconf 86' lang='lat' dir='ltr'>ad·</span> <span class='ocrx_word' id='word_1_72' title='bbox 600 2249 875 2343; x_wconf 78' lang='lat' dir='ltr'>AttPoetic.</span> <span class='ocrx_word' id='word_1_73' title='bbox 904 2240 1296 2343; x_wconf 86' lang='lat' dir='ltr'>Adnotationibus</span> <span class='ocrx_word' id='word_1_74' title='bbox 1322 2241 1549 2359; x_wconf 88' lang='lat' dir='ltr'>affirmat,</span> <span class='ocrx_word' id='word_1_75' title='bbox 1570 2275 1634 2340; x_wconf 89' lang='lat' dir='ltr'>ut</span> <span class='ocrx_word' id='word_1_76' title='bbox 1651 2239 1817 2339; x_wconf 82' lang='lat' dir='ltr'>eadem</span> 
     </span>
     <span class='ocr_line' id='line_1_12' title="bbox 408 2376 1819 2520; baseline -0.001 -40"><span class='ocrx_word' id='word_1_77' title='bbox 408 2376 666 2517; x_wconf 82' lang='lat' dir='ltr'>aplutibus</span> <span class='ocrx_word' id='word_1_78' title='bbox 695 2382 1152 2503; x_wconf 82' lang='lat' dir='ltr'>animadvertantur,</span> <span class='ocrx_word' id='word_1_79' title='bbox 1187 2416 1337 2520; x_wconf 84' lang='lat' dir='ltr'>quum</span> <span class='ocrx_word' id='word_1_80' title='bbox 1369 2415 1573 2496; x_wconf 87' lang='lat' dir='ltr'>omnes,</span> <span class='ocrx_word' id='word_1_81' title='bbox 1643 2387 1702 2479; x_wconf 89' lang='lat' dir='ltr'>ui</span> <span class='ocrx_word' id='word_1_82' title='bbox 1738 2415 1819 2503; x_wconf 84' lang='lat' dir='ltr'>tra-</span> 
     </span>
     <span class='ocr_line' id='line_1_13' title="bbox 408 2417 1818 2658; baseline -0.002 -38"><span class='ocrx_word' id='word_1_83' title='bbox 408 2527 590 2620; x_wconf 71' lang='lat' dir='ltr'>stamus</span> <span class='ocrx_word' id='word_1_84' title='bbox 614 2516 789 2637; x_wconf 82' lang='lat' dir='ltr'>literas,</span> <span class='ocrx_word' id='word_1_85' title='bbox 812 2517 988 2620; x_wconf 81' lang='lat' dir='ltr'>&#39;iisdem</span> <span class='ocrx_word' id='word_1_86' title='bbox 1015 2517 1108 2621; x_wconf 86' lang='lat' dir='ltr'>fere</span> <span class='ocrx_word' id='word_1_87' title='bbox 1139 2515 1270 2620; x_wconf 90' lang='lat' dir='ltr'>libris</span> <span class='ocrx_word' id='word_1_88' title='bbox 1294 2554 1481 2620; x_wconf 85' lang='lat' dir='ltr'>utamur</span> <span class='ocrx_word' id='word_1_89' title='bbox 1506 2595 1518 2616; x_wconf 84' lang='lat'><strong>.</strong></span> <span class='ocrx_word' id='word_1_90' title='bbox 1554 2417 1818 2658; x_wconf 65' lang='lat' dir='ltr'>Suladitque</span> 
     </span>
     <span class='ocr_line' id='line_1_14' title="bbox 408 2655 1823 2796; baseline 0 -39"><span class='ocrx_word' id='word_1_91' title='bbox 408 2655 581 2757; x_wconf 88' lang='lat' dir='ltr'>ibidem</span> <span class='ocrx_word' id='word_1_92' title='bbox 605 2661 841 2758; x_wconf 86' lang='lat' dir='ltr'>Muretus:</span> <span class='ocrx_word' id='word_1_93' title='bbox 880 2658 1149 2793; x_wconf 76' lang='lat' dir='ltr'>Deprehcnst</span> <span class='ocrx_word' id='word_1_94' title='bbox 1160 2671 1271 2758; x_wconf 83' lang='lat' dir='ltr'>enim</span> <span class='ocrx_word' id='word_1_95' title='bbox 1282 2660 1392 2791; x_wconf 80' lang='lat' dir='ltr'>sum</span> <span class='ocrx_word' id='word_1_96' title='bbox 1417 2733 1431 2777; x_wconf 92' lang='lat'>,</span> <span class='ocrx_word' id='word_1_97' title='bbox 1457 2665 1567 2794; x_wconf 85' lang='lat' dir='ltr'>qui,</span> <span class='ocrx_word' id='word_1_98' title='bbox 1587 2695 1731 2796; x_wconf 83' lang='lat' dir='ltr'>quum</span> <span class='ocrx_word' id='word_1_99' title='bbox 1766 2660 1823 2759; x_wconf 83' lang='lat' dir='ltr'>le-</span> 
     </span>
     <span class='ocr_line' id='line_1_15' title="bbox 398 2790 1822 2934; baseline 0.002 -41"><span class='ocrx_word' id='word_1_100' title='bbox 398 2790 547 2929; x_wconf 69' lang='lat' dir='ltr'>gissent</span> <span class='ocrx_word' id='word_1_101' title='bbox 562 2797 990 2912; x_wconf 84' lang='lat' dir='ltr'>Commentariolum,</span> <span class='ocrx_word' id='word_1_102' title='bbox 1009 2834 1133 2934; x_wconf 87' lang='lat' dir='ltr'>quem</span> <span class='ocrx_word' id='word_1_103' title='bbox 1148 2807 1348 2932; x_wconf 83' lang='lat' dir='ltr'>proximo</span> <span class='ocrx_word' id='word_1_104' title='bbox 1359 2795 1576 2934; x_wconf 72' lang='lat' dir='ltr'>superiori</span> <span class='ocrx_word' id='word_1_105' title='bbox 1597 2833 1713 2899; x_wconf 85' lang='lat' dir='ltr'>anno</span> <span class='ocrx_word' id='word_1_106' title='bbox 1736 2796 1822 2899; x_wconf 79' lang='lat' dir='ltr'>edi-¹</span> 
     </span>
     <span class='ocr_line' id='line_1_16' title="bbox 407 2927 1839 3073; baseline 0.006 -43"><span class='ocrx_word' id='word_1_107' title='bbox 407 2933 478 3048; x_wconf 86' lang='lat' dir='ltr'>di,</span> <span class='ocrx_word' id='word_1_108' title='bbox 514 2927 643 3069; x_wconf 78' lang='lat' dir='ltr'>miffis</span> <span class='ocrx_word' id='word_1_109' title='bbox 666 2935 724 3031; x_wconf 82' lang='lat' dir='ltr'>ad</span> <span class='ocrx_word' id='word_1_110' title='bbox 747 2941 905 3034; x_wconf 82' lang='lat' dir='ltr'>amicos</span> <span class='ocrx_word' id='word_1_111' title='bbox 930 2935 1071 3036; x_wconf 83' lang='lat' dir='ltr'>literis</span> <span class='ocrx_word' id='word_1_112' title='bbox 1095 2972 1159 3036; x_wconf 85' lang='lat' dir='ltr'>me</span> <span class='ocrx_word' id='word_1_113' title='bbox 1179 2934 1458 3069; x_wconf 69' lang='lat' dir='ltr'>accusarunt,</span> <span class='ocrx_word' id='word_1_114' title='bbox 1482 2934 1596 3072; x_wconf 78' lang='lat' dir='ltr'>quod</span> <span class='ocrx_word' id='word_1_115' title='bbox 1619 2934 1839 3073; x_wconf 72' lang='lat' dir='ltr'>&#39;quadam‘</span> 
     </span>
     <span class='ocr_line' id='line_1_17' title="bbox 407 3064 1831 3210; baseline 0.005 -42"><span class='ocrx_word' id='word_1_116' title='bbox 407 3064 638 3208; x_wconf 81' lang='lat' dir='ltr'>afferrem,</span> <span class='ocrx_word' id='word_1_117' title='bbox 661 3099 711 3172; x_wconf 84' lang='lat' dir='ltr'>ut</span> <span class='ocrx_word' id='word_1_118' title='bbox 731 3107 850 3190; x_wconf 82' lang='lat' dir='ltr'>mea,</span> <span class='ocrx_word' id='word_1_119' title='bbox 908 3109 971 3172; x_wconf 78' lang='lat' dir='ltr'>uae</span> <span class='ocrx_word' id='word_1_120' title='bbox 992 3068 1076 3207; x_wconf 77' lang='lat' dir='ltr'>ipst</span> <span class='ocrx_word' id='word_1_121' title='bbox 1084 3074 1189 3210; x_wconf 88' lang='lat' dir='ltr'>plus</span> <span class='ocrx_word' id='word_1_122' title='bbox 1213 3084 1394 3204; x_wconf 80' lang='lat' dir='ltr'>triginta</span> <span class='ocrx_word' id='word_1_123' title='bbox 1418 3076 1515 3210; x_wconf 71' lang='lat' dir='ltr'>jam</span> <span class='ocrx_word' id='word_1_124' title='bbox 1539 3083 1662 3174; x_wconf 80' lang='lat' dir='ltr'>annis</span> <span class='ocrx_word' id='word_1_125' title='bbox 1694 3084 1745 3175; x_wconf 86' lang='lat' dir='ltr'>in</span> <span class='ocrx_word' id='word_1_126' title='bbox 1770 3077 1831 3175; x_wconf 79' lang='lat' dir='ltr'>li·-</span> 
     </span>
    </p>
   </div>
   <div class='ocr_carea' id='block_1_2' title="bbox 404 3112 1820 3350">
    <p class='ocr_par' dir='ltr' id='par_1_3' title="bbox 404 3112 1820 3350">
     <span class='ocr_line' id='line_1_18' title="bbox 404 3112 1820 3350; baseline 0.004 -44"><span class='ocrx_word' id='word_1_127' title='bbox 404 3207 496 3308; x_wconf 84' lang='lat' dir='ltr'>bris</span> <span class='ocrx_word' id='word_1_128' title='bbox 510 3204 612 3337; x_wconf 76' lang='lat' dir='ltr'>sitis</span> <span class='ocrx_word' id='word_1_129' title='bbox 636 3239 785 3311; x_wconf 79' lang='lat' dir='ltr'>notata</span> <span class='ocrx_word' id='word_1_130' title='bbox 811 3112 1045 3318; x_wconf 60' lang='lat' dir='ltr'>balmam·</span> <span class='ocrx_word' id='word_1_131' title='bbox 1080 3208 1203 3350; x_wconf 78' lang='lat' dir='ltr'>quast</span> <span class='ocrx_word' id='word_1_132' title='bbox 1218 3247 1324 3313; x_wconf 88' lang='lat' dir='ltr'>vero</span> <span class='ocrx_word' id='word_1_133' title='bbox 1349 3212 1457 3311; x_wconf 86' lang='lat' dir='ltr'>mihi</span> <span class='ocrx_word' id='word_1_134' title='bbox 1478 3237 1718 3347; x_wconf 75' lang='lat' dir='ltr'>mgampere</span> <span class='ocrx_word' id='word_1_135' title='bbox 1742 3214 1820 3312; x_wconf 84' lang='lat' dir='ltr'>la-</span> 
     </span>
    </p>
   </div>
   <div class='ocr_carea' id='block_1_3' title="bbox 271 3343 1843 4460">
    <p class='ocr_par' dir='ltr' id='par_1_4' title="bbox 271 3343 1843 4460">
     <span class='ocr_line' id='line_1_19' title="bbox 401 3343 1843 3492; baseline 0.007 -48"><span class='ocrx_word' id='word_1_136' title='bbox 401 3344 630 3462; x_wconf 74' lang='lat' dir='ltr'>borandum</span> <span class='ocrx_word' id='word_1_137' title='bbox 641 3346 816 3477; x_wconf 83' lang='lat' dir='ltr'>suerit,</span> <span class='ocrx_word' id='word_1_138' title='bbox 852 3353 960 3488; x_wconf 86' lang='lat' dir='ltr'>quid</span> <span class='ocrx_word' id='word_1_139' title='bbox 975 3360 1018 3451; x_wconf 87' lang='lat' dir='ltr'>in</span> <span class='ocrx_word' id='word_1_140' title='bbox 1033 3347 1119 3485; x_wconf 80' lang='lat' dir='ltr'>suo</span> <span class='ocrx_word' id='word_1_141' title='bbox 1139 3353 1250 3454; x_wconf 84' lang='lat' dir='ltr'>libro</span> <span class='ocrx_word' id='word_1_142' title='bbox 1271 3343 1447 3491; x_wconf 74' lang='lat' dir='ltr'>notaffet</span> <span class='ocrx_word' id='word_1_143' title='bbox 1478 3358 1518 3451; x_wconf 82' lang='lat' dir='ltr'>is</span> <span class='ocrx_word' id='word_1_144' title='bbox 1539 3423 1555 3470; x_wconf 91' lang='lat'>,</span> <span class='ocrx_word' id='word_1_145' title='bbox 1580 3362 1711 3492; x_wconf 80' lang='lat' dir='ltr'>quem</span> <span class='ocrx_word' id='word_1_146' title='bbox 1747 3373 1843 3485; x_wconf 74' lang='lat' dir='ltr'>ego·</span> 
     </span>
     <span class='ocr_line' id='line_1_20' title="bbox 402 3486 1813 3616; baseline 0.016 -37"><span class='ocrx_word' id='word_1_147' title='bbox 402 3512 550 3581; x_wconf 82' lang='lat' dir='ltr'>natum</span> <span class='ocrx_word' id='word_1_148' title='bbox 575 3486 805 3586; x_wconf 72' lang='lat' dir='ltr'>mehercule</span> <span class='ocrx_word' id='word_1_149' title='bbox 829 3491 1086 3616; x_wconf 73' lang='lat' dir='ltr'>nesciebam.</span> <span class='ocrx_word' id='word_1_150' title='bbox 1810 3497 1813 3502; x_wconf 39' lang='lat'>¹</span> 
     </span>
     <span class='ocr_line' id='line_1_21' title="bbox 458 3623 1840 3753; baseline 0.017 -40"><span class='ocrx_word' id='word_1_151' title='bbox 458 3623 744 3753; x_wconf 80' lang='lat' dir='ltr'>Antequam</span> <span class='ocrx_word' id='word_1_152' title='bbox 771 3630 1020 3722; x_wconf 87' lang='lat' dir='ltr'>Horatium</span> <span class='ocrx_word' id='word_1_153' title='bbox 1043 3624 1253 3728; x_wconf 87' lang='lat' dir='ltr'>Flaccum</span> <span class='ocrx_word' id='word_1_154' title='bbox 1269 3630 1566 3733; x_wconf 77' lang='lat' dir='ltr'>dimittamus</span> <span class='ocrx_word' id='word_1_155' title='bbox 1575 3639 1840 3751; x_wconf 60' lang='lat' dir='ltr'>,Vincensss</span> 
     </span>
     <span class='ocr_line' id='line_1_22' title="bbox 406 3756 1817 3908; baseline 0.016 -57"><span class='ocrx_word' id='word_1_156' title='bbox 406 3762 500 3851; x_wconf 84' lang='lat' dir='ltr'>tius</span> <span class='ocrx_word' id='word_1_157' title='bbox 521 3756 744 3870; x_wconf 86' lang='lat' dir='ltr'>Madius,</span> <span class='ocrx_word' id='word_1_158' title='bbox 778 3767 981 3879; x_wconf 84' lang='lat' dir='ltr'>Latinae,</span> <span class='ocrx_word' id='word_1_159' title='bbox 1008 3772 1259 3907; x_wconf 80' lang='lat' dir='ltr'>Graecaeque</span> <span class='ocrx_word' id='word_1_160' title='bbox 1294 3768 1464 3908; x_wconf 86' lang='lat' dir='ltr'>linguae</span> <span class='ocrx_word' id='word_1_161' title='bbox 1489 3768 1817 3891; x_wconf 73' lang='lat' dir='ltr'>dociissrmus,</span> 
     </span>
     <span class='ocr_line' id='line_1_23' title="bbox 271 3886 1808 4046; baseline 0.02 -63"><span class='ocrx_word' id='word_1_162' title='bbox 271 3901 277 3913; x_wconf 85' lang='lat'>&#39;</span> <span class='ocrx_word' id='word_1_163' title='bbox 405 3929 455 3987; x_wconf 90' lang='lat' dir='ltr'>ac</span> <span class='ocrx_word' id='word_1_164' title='bbox 482 3886 798 4036; x_wconf 77' lang='lat' dir='ltr'>celebetrimtts</span> <span class='ocrx_word' id='word_1_165' title='bbox 821 3896 1152 4043; x_wconf 85' lang='lat' dir='ltr'>Philosophiae,</span> <span class='ocrx_word' id='word_1_166' title='bbox 1179 3945 1325 4046; x_wconf 87' lang='lat' dir='ltr'>quam</span> <span class='ocrx_word' id='word_1_167' title='bbox 1348 3919 1577 4029; x_wconf 82' lang='lat' dir='ltr'>Ferraria&#39;c,</span> <span class='ocrx_word' id='word_1_168' title='bbox 1605 3925 1654 4011; x_wconf 91' lang='lat'>&amp;</span> <span class='ocrx_word' id='word_1_169' title='bbox 1679 3922 1808 4013; x_wconf 86' lang='lat' dir='ltr'>Pata-</span> 
     </span>
     <span class='ocr_line' id='line_1_24' title="bbox 403 4030 1812 4170; baseline 0.02 -44"><span class='ocrx_word' id='word_1_170' title='bbox 403 4038 466 4127; x_wconf 88' lang='lat' dir='ltr'>vii</span> <span class='ocrx_word' id='word_1_171' title='bbox 491 4030 706 4170; x_wconf 78' lang='lat' dir='ltr'>perlegit,</span> <span class='ocrx_word' id='word_1_172' title='bbox 744 4034 961 4140; x_wconf 86' lang='lat' dir='ltr'>Profeffor</span> <span class='ocrx_word' id='word_1_173' title='bbox 986 4042 1070 4143; x_wconf 88' lang='lat' dir='ltr'>nos</span> <span class='ocrx_word' id='word_1_174' title='bbox 1099 4046 1315 4167; x_wconf 86' lang='lat' dir='ltr'>advocat,</span> <span class='ocrx_word' id='word_1_175' title='bbox 1342 4064 1389 4148; x_wconf 87' lang='lat'>&amp;</span> <span class='ocrx_word' id='word_1_176' title='bbox 1407 4088 1710 4152; x_wconf 86' lang='lat' dir='ltr'>conterraneo</span> <span class='ocrx_word' id='word_1_177' title='bbox 1729 4049 1812 4154; x_wconf 86' lang='lat' dir='ltr'>suo</span> 
     </span>
     <span class='ocr_line' id='line_1_25' title="bbox 400 4174 1823 4330; baseline 0.02 -63"><span class='ocrx_word' id='word_1_178' title='bbox 400 4174 853 4288; x_wconf 76' lang='lat' dir='ltr'>JoanniBritannico</span> <span class='ocrx_word' id='word_1_179' title='bbox 878 4176 1034 4279; x_wconf 86' lang='lat' dir='ltr'>sociati</span> <span class='ocrx_word' id='word_1_180' title='bbox 1066 4183 1294 4321; x_wconf 87' lang='lat' dir='ltr'>postulat,</span> <span class='ocrx_word' id='word_1_181' title='bbox 1330 4225 1483 4327; x_wconf 89' lang='lat' dir='ltr'>quum</span> <span class='ocrx_word' id='word_1_182' title='bbox 1519 4206 1566 4289; x_wconf 85' lang='lat'>&amp;</span> <span class='ocrx_word' id='word_1_183' title='bbox 1593 4186 1688 4330; x_wconf 91' lang='lat' dir='ltr'>ipse</span> <span class='ocrx_word' id='word_1_184' title='bbox 1726 4197 1823 4295; x_wconf 82' lang='lat' dir='ltr'>At·-</span> 
     </span>
     <span class='ocr_line' id='line_1_26' title="bbox 400 4317 1813 4460; baseline 0.017 -53"><span class='ocrx_word' id='word_1_185' title='bbox 400 4346 498 4407; x_wconf 89' lang='lat' dir='ltr'>tem</span> <span class='ocrx_word' id='word_1_186' title='bbox 527 4317 753 4409; x_wconf 82' lang='lat' dir='ltr'>Poeticam</span> <span class='ocrx_word' id='word_1_187' title='bbox 779 4326 991 4440; x_wconf 88' lang='lat' dir='ltr'>Horatii,</span> <span class='ocrx_word' id='word_1_188' title='bbox 1028 4320 1198 4460; x_wconf 85' lang='lat' dir='ltr'>inligni</span> <span class='ocrx_word' id='word_1_189' title='bbox 1227 4334 1582 4429; x_wconf 77' lang='lat' dir='ltr'>Commentario</span> <span class='ocrx_word' id='word_1_190' title='bbox 1608 4327 1813 4434; x_wconf 81' lang='lat' dir='ltr'>illustra-</span> 
     </span>
    </p>
   </div>
   <div class='ocr_carea' id='block_1_4' title="bbox 402 4452 1807 4709">
    <p class='ocr_par' dir='ltr' id='par_1_5' title="bbox 402 4452 1807 4709">
     <span class='ocr_line' id='line_1_27' title="bbox 403 4452 1807 4584; baseline 0.018 -40"><span class='ocrx_word' id='word_1_191' title='bbox 403 4456 547 4561; x_wconf 88' lang='lat' dir='ltr'>verit,</span> <span class='ocrx_word' id='word_1_192' title='bbox 582 4462 710 4573; x_wconf 85' lang='lat' dir='ltr'>cujus</span> <span class='ocrx_word' id='word_1_193' title='bbox 732 4452 935 4556; x_wconf 82' lang='lat' dir='ltr'>Praefatio</span> <span class='ocrx_word' id='word_1_194' title='bbox 963 4456 1233 4584; x_wconf 85' lang='lat' dir='ltr'>hujusmodi</span> <span class='ocrx_word' id='word_1_195' title='bbox 1257 4468 1400 4564; x_wconf 88' lang='lat' dir='ltr'>estex</span> <span class='ocrx_word' id='word_1_196' title='bbox 1426 4479 1602 4572; x_wconf 87' lang='lat' dir='ltr'>Veneta</span> <span class='ocrx_word' id='word_1_197' title='bbox 1626 4472 1807 4571; x_wconf 78' lang='lat' dir='ltr'>Editio-</span> 
     </span>
     <span class='ocr_line' id='line_1_28' title="bbox 402 4623 742 4709; baseline 0.006 -25"><span class='ocrx_word' id='word_1_198' title='bbox 402 4623 462 4684; x_wconf 91' lang='lat' dir='ltr'>ne</span> <span class='ocrx_word' id='word_1_199' title='bbox 493 4623 566 4683; x_wconf 88' lang='lat' dir='ltr'>an.</span> <span class='ocrx_word' id='word_1_200' title='bbox 600 4626 742 4709; x_wconf 84' lang='lat'>1550.</span> 
     </span>
    </p>
   </div>
   <div class='ocr_carea' id='block_1_5' title="bbox 397 4790 1809 5141">
    <p class='ocr_par' dir='ltr' id='par_1_6' title="bbox 397 4790 1809 5141">
     <span class='ocr_line' id='line_1_29' title="bbox 537 4790 1809 4925; baseline 0.019 -49"><span class='ocrx_word' id='word_1_201' title='bbox 537 4790 674 4925; x_wconf 75' lang='lat' dir='ltr'>Ecum</span> <span class='ocrx_word' id='word_1_202' title='bbox 693 4791 779 4902; x_wconf 85' lang='lat' dir='ltr'>ipse</span> <span class='ocrx_word' id='word_1_203' title='bbox 798 4800 1117 4915; x_wconf 84' lang='lat' dir='ltr'>cogitans,quid</span> <span class='ocrx_word' id='word_1_204' title='bbox 1139 4806 1179 4887; x_wconf 88' lang='lat' dir='ltr'>in</span> <span class='ocrx_word' id='word_1_205' title='bbox 1201 4804 1308 4890; x_wconf 87' lang='lat' dir='ltr'>Arte</span> <span class='ocrx_word' id='word_1_206' title='bbox 1330 4807 1503 4899; x_wconf 84' lang='lat' dir='ltr'>Poetica</span> <span class='ocrx_word' id='word_1_207' title='bbox 1515 4812 1692 4901; x_wconf 89' lang='lat' dir='ltr'>Horatii</span> <span class='ocrx_word' id='word_1_208' title='bbox 1715 4842 1809 4900; x_wconf 87' lang='lat' dir='ltr'>con·</span> 
     </span>
     <span class='ocr_line' id='line_1_30' title="bbox 562 4916 1805 5026; baseline 0.02 -38"><span class='ocrx_word' id='word_1_209' title='bbox 562 4925 785 5006; x_wconf 88' lang='lat' dir='ltr'>trncretur,</span> <span class='ocrx_word' id='word_1_210' title='bbox 808 4936 907 4995; x_wconf 86' lang='lat' dir='ltr'>eum</span> <span class='ocrx_word' id='word_1_211' title='bbox 927 4921 1083 5023; x_wconf 88' lang='lat' dir='ltr'>partim</span> <span class='ocrx_word' id='word_1_212' title='bbox 1104 4916 1212 5026; x_wconf 87' lang='lat' dir='ltr'>leges</span> <span class='ocrx_word' id='word_1_213' title='bbox 1235 4918 1345 5002; x_wconf 68' lang='lat' dir='ltr'>recle</span> <span class='ocrx_word' id='word_1_214' title='bbox 1367 4922 1529 5010; x_wconf 88' lang='lat' dir='ltr'>Poefim</span> <span class='ocrx_word' id='word_1_215' title='bbox 1550 4924 1805 5013; x_wconf 85' lang='lat' dir='ltr'>conficiendi</span> 
     </span>
     <span class='ocr_line' id='line_1_31' title="bbox 397 5012 1806 5141; baseline 0.02 -46"><span class='ocrx_word' id='word_1_216' title='bbox 397 5012 579 5121; x_wconf 82' lang='lat' dir='ltr'>docere,</span> <span class='ocrx_word' id='word_1_217' title='bbox 609 5018 766 5128; x_wconf 85' lang='lat' dir='ltr'>partim</span> <span class='ocrx_word' id='word_1_218' title='bbox 794 5018 846 5101; x_wconf 88' lang='lat' dir='ltr'>de</span> <span class='ocrx_word' id='word_1_219' title='bbox 867 5021 981 5106; x_wconf 85' lang='lat' dir='ltr'>Poesr</span> <span class='ocrx_word' id='word_1_220' title='bbox 1014 5025 1100 5135; x_wconf 84' lang='lat' dir='ltr'>ipsa</span> <span class='ocrx_word' id='word_1_221' title='bbox 1131 5026 1344 5130; x_wconf 72' lang='lat' dir='ltr'>traciate,</span> <span class='ocrx_word' id='word_1_222' title='bbox 1376 5040 1532 5141; x_wconf 85' lang='lat' dir='ltr'>partim</span> <span class='ocrx_word' id='word_1_223' title='bbox 1561 5039 1806 5138; x_wconf 90' lang='lat' dir='ltr'>criminari,</span> 
     </span>
    </p>
   </div>
   <div class='ocr_carea' id='block_1_6' title="bbox 1704 5178 1758 5236">
    <p class='ocr_par' dir='ltr' id='par_1_7' title="bbox 1704 5178 1758 5236">
     <span class='ocr_line' id='line_1_32' title="bbox 1704 5178 1758 5236; baseline -0.056 0"><span class='ocrx_word' id='word_1_224' title='bbox 1704 5178 1758 5236; x_wconf 70' lang='lat'>30</span> 
     </span>
    </p>
   </div>
   <div class='ocr_carea' id='block_1_7' title="bbox 0 0 2234 6744">
    <p class='ocr_par' dir='ltr' id='par_1_8' title="bbox 0 0 2234 6744">
     <span class='ocr_line' id='line_1_33' title="bbox 0 0 2234 6744; baseline 0 0"><span class='ocrx_word' id='word_1_225' title='bbox 0 0 2234 6744; x_wconf 95' lang='lat' dir='ltr'> </span> 
     </span>
    </p>
   </div>
  </div>
 </body>
</html>
