4459 6750
965 838 1277 947 NAsa
1690 873 1753 967 w

400 1005 507 1092 gua,
535 969 609 1060 oifi
629 970 893 1087 ineptiffime,
914 973 1032 1090 loqui
1049 977 1175 1064 sciat.
1206 976 1323 1063 Hine
1339 999 1523 1088 namque
1542 979 1625 1086 fit,
1647 1003 1700 1071 ut
1728 986 1815 1071 suae

401 1087 668 1177 infirmitatis
683 1085 896 1188 conscius,
925 1115 1099 1174 mecum
1114 1094 1158 1174 in
1169 1111 1392 1175 certamen
1413 1090 1678 1197 literarium,
1698 1097 1818 1210 quod

398 1199 459 1284 est
479 1200 596 1287 Viris
612 1195 750 1283 dottis
764 1197 1119 1301 houestissimum,
1148 1199 1399 1286 descendere
1416 1227 1499 1284 non
1514 1205 1693 1309 audeat3
1722 1235 1816 1291 con·

399 1309 609 1421 viciisque
625 1334 729 1392 vero
746 1367 763 1407 ,
779 1308 829 1394 δι
846 1310 1093 1411 calumniis,
1120 1312 1354 1424 quodcum
1373 1309 1468 1396 aliis
1483 1316 1704 1416 omnibus,
1719 1340 1817 1404 tum

399 1419 663 1507 humanitati
687 1420 845 1505 deditis
859 1422 918 1514 est
935 1420 1223 1532 turpiisrmum
1232 1479 1246 1520 ,
1274 1449 1348 1505 me
1365 1420 1526 1533 ubique
1540 1451 1715 1530 onerare
1732 1455 1814 1512 non

403 1531 593 1618 desistat.
625 1529 748 1644 Qid,
769 1533 885 1616 enim
899 1532 1019 1617 aliud
1034 1532 1164 1620 istum
1181 1536 1369 1644 primum
1386 1534 1502 1616 orbie
1518 1537 1814 1633 terrarum,&

403 1641 503 1742 sua,
530 1641 586 1728 dt
626 1642 869 1726 uorundam
892 1640 1146 1729 insulsorum
1164 1641 1399 1744 irritatione
1414 1643 1668 1746 hominem,
1704 1671 1755 1728 ne
1772 1650 1816 1728 in

402 1752 487 1838 hoc
507 1668 848 1866 pulcirerrimum
863 1753 1392 1852 certamen-descenderet,
1416 1756 1559 1867 potuit
1576 1754 1821 1842 deterrere?

404 1860 533 1950 Num
550 1863 688 1948 aetas?
720 1863 781 1944 At
805 1863 989 1974 aequaies
1009 1860 1102 1948 fere
1130 1865 1305 1949 sumunt
1343 1863 1470 1951 Num
1496 1868 1715 1977 dignitas?
1742 1868 1812 1951 Ao

400 2000 514 2059 nune
538 1973 613 2059 sex
629 1992 815 2083 aguntur
830 1977 962 2074 anni,
987 2002 1086 2060 cum
1115 1973 1315 2060 omnibns
1339 1976 1673 2061 dodiiffimorum
1698 1979 1819 2077 juve·

400 2111 506 2168 oum
526 2081 765 2191 suffra-giis,
792 2110 871 2192 ego
897 2085 1075 2194 dignus,
1105 2091 1178 2198 qui
1206 2107 1347 2170 artem
1368 2087 1630 2171 Oratoriam·
1644 2091 1690 2170 in
1709 2088 1820 2172 Aca»

401 2193 547 2277 demia
564 2188 648 2276 hac
670 2191 876 2290 Patavina
893 2191 1137 2304 profiterer,
1155 2195 1220 2281 fui
1232 2193 1477 2299 judicatus;
1506 2199 1582 2279 iste
1601 2252 1614 2296 ,
1633 2217 1681 2279 ut
1703 2201 1819 2306 inep-

402 2323 512 2400 tus,
548 2299 812 2412 insulsusque
841 2304 1074 2414 turpiffime
1099 2301 1183 2391 fuit
1215 2304 1493 2418 reprobatus.
1533 2305 1816 2417 Nnmopera

403 2410 600 2512 fortasse,
627 2438 722 2524 quae
740 2411 900 2525 scripsit
929 2417 968 2497 ei
996 2415 1160 2506 tollunt
1184 2419 1345 2506 animos
1356 2417 1376 2496 ἲ
1403 2416 1467 2528 At
1493 2414 1599 2500 nihil
1627 2443 1820 2529 unquam

401 2551 429 2610 e
457 2524 503 2606 se
517 2522 837 2634 eompofitum,
865 2527 1233 2635 praeter‘cdrmina
1249 2526 1448 2638 quedam
1465 2585 1482 2626 ,
1513 2526 1640 2608 nullis
1658 2523 1814 2631 M'uiis,

402 2634 611 2744 nulloque
636 2633 1020 2745 Apollinescripta
1050 2637 1232 2720 omitit.
1278 2633 1400 2721 Nam
1429 2662 1525 2746 quae
1553 2639 1598 2718 in
1623 2632 1814 2740 Terentii

401 2742 930 2829 Heautontimorumenoo
953 2744 1034 2828 sub
1057 2747 1176 2830 istius
1191 2748 1359 2836 nomint
1377 2748 1578 2855 ieguotur
1594 2743 1821 2856 expositio·

400 2857 496 2955 nes,
523 2881 595 2940 ear
611 2853 802 2938 Guerino
822 2852 1075 2957 Veronenfi,
1097 2855 1427 2966 Omnibonoque
1448 2857 1670 2942 Vicentino
1695 2853 1818 2965 profi·

403 2965 622 3063 tentibus,
650 2991 676 3048 a
695 2963 912 3072 discipulis
928 2964 1129 3052 eolledias
1143 2967 1272 3061 ilium
1288 2964 1517 3052 confudisse
1537 3023 1554 3066 ‚
1578 2993 1629 3049 ac
1644 2963 1718 3079 fibi
1734 2967 1816 3051 im·

403 3072 705 3188 pudentifftme
720 3073 970 3173 vindicasse,
995 3103 1051 3160 ne
1065 3076 1355 3163 dubitandum
1372 3077 1551 3188 quidem
1567 3075 1651 3179 est;
1676 3072 1818 3160 certis·

402 3185 646 3298 fimumque
664 3185 789 3283 hujus
809 3187 869 3267 rei
889 3185 996 3270 illud
1014 3184 1074 3269 est
1091 3192 1419 3296 argumentum,
1432 3189 1549 3298 quod
1568 3214 1624 3268 ex
1641 3213 1696 3267 eo
1710 3188 1820 3266 tem·

402 3325 529 3416 pore,
555 3321 647 3404 quo
663 3293 741 3375 fibi
764 3319 836 3375 eas
853 3297 1096 3403 arrogavit,
1122 3297 1351 3379 duodecim
1369 3318 1519 3379 autem
1534 3349 1550 3392 ,
1566 3292 1615 3375 dt
1634 3295 1822 3400 amplius

406 3407 501 3492 anni
525 3421 731 3513 aguntur,
742 3399 851 3485 nihil
868 3401 987 3485 aliud
1008 3393 1198 3513 u'nquam
1215 3402 1373 3488 emifit.
1403 3401 1509 3490 Mea
1523 3405 1625 3487 vero
1641 3403 1825 3501 exstant,

404 3543 509 3601 eum
525 3514 610 3597 alia
636 3510 834 3622 quaedam
861 3512 1091 3617 opuscula,
1121 3534 1218 3593 tum
1246 3514 1302 3593 de
1329 3512 1581 3622 eloquentia:
1598 3506 1824 3612 laudibuS,

404 3653 493 3739 quo
512 3648 624 3710 anno
648 3620 759 3730 coepi
775 3617 969 3730 profiteri
988 3678 1002 3720 ,
1030 3618 1206 3706 habitur
1225 3616 1528 3732 Panegyricus.
1567 3617 1695 3722 Num
1713 3619 1820 3706 Ora·

402 3742 645 3823 tionesaut
657 3731 734 3817 hic
751 3783 771 3833 ‚
796 3750 872 3816 aut
889 3730 992 3814 alibi
1012 3730 1173 3814 habitae
1189 3729 1321 3813 istum·
1345 3750 1439 3815 tam
1455 3730 1686 3844 superbum
1695 3723 1818 3818 ‘forfi-

404 3869 482 3933 tan
499 3843 728 3929 efficiunt?
764 3840 829 3927 At
844 3869 983 3927 ⁴nemo.
1005 3841 1100 3942 est,
1126 3844 1200 3952 qni
1218 3839 1358 3952 ipsum
1379 3868 1602 3953 unquam,
1629 3840 1703 3926 nist
1732 3840 1820 3925 bie·

406 3953 1034 4064 terentem,petindeveatque
1047 3974 1223 4037 taurum
1240 3952 1714 4062 mugientemaudierit.
1728 3950 1824 4058 Ego
1850 3991 1853 3996 ¹

405 4095 513 4152 vero
541 4070 680 4176 oeque
697 4064 966 4165 Academiae,
992 4092 1042 4147 ne
1072 4091 1131 4147 ue
1153 4065 1327 4161 amicir,
1354 4082 1403 4145 ut
1424 4088 1503 4172 pto
1520 4061 1565 4145 se
1580 4062 1822 4145 orationem

407 4178 613 4264 haberem
633 4176 771 4288 expos
765 4090 1105 4269 centibusneilut
1123 4198 1358 4284 nunquam.
1388 4170 1512 4283 Quid
1528 4199 1630 4282 ergo
1642 4171 1823 4255 tandem

404 4292 452 4375 in·
470 4288 597 4375 causa
612 4289 700 4389 est,¹
724 4291 841 4398 quod
860 4300 1032 4370 mecum
1048 4283 1141 4367 suas
1160 4282 1397 4391 prasertim
1413 4286 1579 4395 ineptas.
1592 4280 1820 4393 expostt'io·

401 4430 478 4487 ner
491 4400 825 4512 impugnantem
839 4391 1821 4481 contentionemdescenderenonaudeti'Nem·

403 4540 465 4626 pe
488 4510 742 4621 &lingum
771 4511 823 4598 dt
839 4509 992 4621 ingenii
1008 4506 1212 4607 tarditat,
1233 4502 1363 4606 ‘euius
1389 4506 1620 4591 itanttuta
1648 4505 1823 4589 damna.

405 4644 480 4706 tur
500 4624 586 4720 eti,
601 4644 654 4707 ut
668 4624 868 4707 araroriae
881 4617 995 4721 arti,
1009 4644 1143 4728 qnam
1160 4615 1396 4715 Oratoriae,
1414 4618 1559 4728 aptior
1571 4613 1656 4700 effe
1670 4611 1826 4700 doerit.

404 4731 502 4818 fimi
519 4732 724 4846 cujusque
738 4731 949 4818 sententia
957 4731 1200 4834 judicetur..
1226 4726 1345 4813 Cum
1363 4732 1479 4813 enim
1492 4726 1736 4840 eioquen'tiu
1749 4730 1828 4811 tri·

407 4841 494 4928 bue
508 4844 885 4947 constet„natu-ra.
896 4904 916 4947 ,
941 4865 1066 4942 erte,
1085 4842 1424 4939 exercitatione,
1447 4842 1525 4953 qui
1549 4861 1738 4939 natura,
1759 4858 1829 4923 at·

406 4981 499 5068 que
516 4956 889 5064 ingeninvacant,
912 4981 968 5040 ex
995 4952 1118 5038 Fabi-i
1148 4949 1408 5144 Qfitintiiiani
1430 4947 1606 5036 eonfiltio
1630 4976 1704 5032 rus:
1727 4946 1828 5032 sunt

407 5068 647 5152 mittendi·⁴
673 5068 782 5153 Huc·
797 5068 961 5155 accedit
978 5064 1132 5172 judicii
1149 5066 1191 5148 in
1208 5064 1407 5255 &mitem
1434 5057 1615 5175 quonifi:
1631 5059 1721 5186 aeri
1738 5054 1833 5145 foca

757 5233 760 5237 -
1290 5202 1316 5255 2
1688 5191 1778 5255 rint
