4459 6750
418 947 422 954 ’
470 972 566 1055 272
851 925 894 1030 P
929 931 968 1033 O
1005 932 1054 1035 E
1089 921 1197 1033 TI
1229 920 1356 1032 CA.

400 1084 626 1191 Poetam,
657 1106 801 1211 quam
829 1076 983 1172 Graece
1011 1069 1460 1207 intelligentiorem.
1500 1061 1823 1198 Gigantoma:

397 1213 505 1313 chia
540 1213 597 1311 ad
619 1209 872 1311 Nicolaum
895 1216 1198 1314 Madrucium
1214 1204 1503 1308 defideratur
1528 1207 1578 1297 in
1608 1238 1811 1344 utraque

399 1357 614 1454 Editione
637 1363 854 1454 Romana
884 1423 899 1465 ,
932 1346 1155 1448 &solum
1192 1377 1424 1482 compatet
1456 1346 1504 1441 in
1543 1333 1814 1441 Bastleenfi<

397 1496 585 1629 Anguis
610 1528 766 1589 autem
799 1498 848 1589 in
875 1485 1097 1588 omnibus
1122 1486 1217 1586 illis
1243 1483 1405 1599 deest,
1432 1473 1692 1605 &seorsim
1715 1491 1810 1579 Ve-

401 1641 536 1736 netiis
567 1629 715 1731 editus
740 1625 832 1730 fuit
852 1624 885 1748 ,¹
905 1627 1131 1768 defletque
1165 1636 1215 1728 in
1245 1668 1300 1726 eo
1322 1634 1457 1724 Poeta
1492 1621 1562 1736 lo,
1585 1616 1780 1721 Francis
1796 1629 1806 1647 ‘

402 1765 675 1887 Gambarae,
700 1784 745 1869 &
768 1771 974 1909 Maphaei
1002 1782 1097 1889 ejus
1130 1764 1215 1866 filii
1240 1764 1427 1865 funera.
1541 1858 1546 1865 .

466 1904 793 2007 Columbeidis
824 1918 875 2006 in
903 1944 1105 2050 quatuor
1134 1904 1274 2007 libros
1298 1898 1451 2004 divisae
1480 1975 1495 2020 ,
1530 1895 1706 2038 quibus
1731 1940 1797 1999 ar·

434 2082 625 2147 umenta
649 2059 989 2184 praemittuntur
1014 2044 1072 2147 ab
1093 2046 1290 2159 Aurelio
1308 2037 1425 2146 Urso
1450 2052 1674 2146 Romano
1698 2081 1799 2144 con·

398 2079 546 2305 lelio,
583 2193 775 2286 initium
802 2184 1073 2316 hujusmodi
1097 2185 1186 2286 est:

451 2444 686 2538 Perenotte,
717 2444 845 2526 virum
875 2443 1070 2552 referum,
1095 2445 1164 2549 qui
1191 2439 1328 2526 littora
1352 2442 1496 2547 primur

507 2556 677 2658 Ingentis
701 2558 834 2661 tetigit
853 2554 990 2654 Cubae,
1021 2586 1093 2639 non
1112 2560 1266 2664 cognita
1293 2559 1423 2635 nautis

505 2663 709 2745 Hellenas
726 2715 742 2762 ,
769 2664 1043 2771 opposttumque
1057 2667 1211 2775 polum,
1238 2691 1415 2768 nouaque
1431 2661 1535 2779 aslra
1554 2659 1699 2748 retexit

508 2775 673 2877 Nuper,
701 2771 744 2856 (r
773 2781 950 2860 inventur
979 2784 1110 2860 caneri
1155 2777 1201 2860 ub
1222 2774 1349 2885 fidere
1378 2795 1525 2858 terrut.

506 2888 672 2986 Accipe,
702 2910 787 2985 quae
814 2886 1006 2987 quondum
1026 2887 1110 3004 p'uffl
1137 2893 1152 2968 i
1178 2891 1367 2980 carmina,
1397 2888 1447 2968 ab
1469 2885 1582 2990 Afris

505 2995 604 3071 Cum
623 2991 775 3072 domitis
793 2995 923 3183 Gagae
943 2997 1114 3093 dulcem,
1144 2997 1367 3100 claramque
1397 2997 1550 3113 rediffet

505 3097 778 3206 Parthenopen
799 3107 840 3183 ui
882 3133 948 3204 or,
977 3112 1043 3210 qui
1065 3106 1171 3214 forti
1187 3107 1310 3192 milite
1337 3103 1471 3221 densat

501 3215 582 3292 Tot
604 3214 828 3294 Turturum
847 3220 946 3324 atiet
965 3214 1389 3410 validitjuptrnverut
1409 3221 1552 3317 urmit,

506 3324 566 3403 Et
592 3320 738 3436 pulsum
758 3328 900 3434 Regem
929 3333 1051 3438 regnis
1067 3334 1107 3411 in
1139 3336 1222 3413 uuit
1241 3334 1378 3414 avitis.

450 3439 542 3522 Non
560 3430 643 3543 stne
661 3458 700 3518 te
720 3443 839 3520 muris
857 3441 1046 3554 immensos
1064 3439 1253 3529 intrudere
1271 3442 1417 3551 fluiius

501 3543 721 3659 Tentaffrm
740 3547 921 3646 ratibus,
949 3578 1019 3634 nec
1046 3550 1148 3659 vasto
1177 3558 1217 3631 in
1241 3559 1397 3658 gurgite
1426 3554 1518 3637 vela

505 3654 718 3749 Tendere,
740 3655 814 3759 sed
829 3655 962 3738 Mella
991 3657 1183 3770 tenuiffem
1208 3684 1340 3763 parva
1358 3660 1540 3767 fluenta,

503 3767 581 3843 ffic
608 3759 671 3839 ubi
690 3759 869 3841 chineus
896 3789 1025 3863 arcet,
1055 3788 1174 3870 atque
1204 3793 1319 3852 arma
1338 3829 1351 3868 ,
1371 3769 1568 3881 virosque,

500 3873 562 3953 Et
580 3866 679 3982 finer
707 3868 806 3953 lator
832 3877 1041 3983 canerem,
1072 3879 1297 3985 terramque
1317 3880 1496 3992 feracem

501 3985 579 4066 Tot
598 3978 792 4090 frugum,
817 3980 860 4067 (t
880 3983 986 4095 ferri
1014 4016 1158 4072 neunt:
1187 3990 1275 4073 urbs
1302 3991 1461 4078 condita
1488 3995 1637 4083 abulen

499 4096 693 4202 Sanguine
713 4098 976 4183 Cenomnnum¹
998 4096 1108 4182 ducit
1131 4130 1271 4209 genus,
1302 4104 1439 4216 aspera
1458 4104 1552 4192 bello

497 4206 602 4398 Qun
618 4202 730 4318 fuit,
759 4203 802 4290 (r
819 4205 917 4290 laetit
939 4209 1057 4306 Italos
1075 4208 1288 4328 succeffibut
1318 4222 1448 4299 nuxit.

443 4323 505 4407 Te
566 4315 695 4402 arolur
721 4316 872 4423 semper
888 4346 1025 4428 magno
1051 4321 1101 4435 est
1121 4322 1305 4433 dignatus
1323 4324 1491 4414 bonore:

494 4435 682 4535 Namque
709 4427 781 4510 tibi
807 4455 940 4514 euram
958 4426 1034 4543 fhli
1061 4439 1297 4546 commiseras
1316 4460 1463 4525 omnem

493 4544 736 4648 Regnorum,
766 4544 996 4647 imperiique
1013 4541 1155 4653 simul,
1182 4548 1364 4657 bellique,
1395 4575 1566 4663 togaeque

494 4653 680 4754 Tempore
698 4704 714 4751 ,
743 4680 843 4734 nune
863 4654 1035 4735 breviter
1051 4658 1126 4766 tibi
1142 4657 1270 4742 dicam
1280 4721 1292 4761 ,
1313 4693 1397 4768 quae
1409 4671 1577 4773 genitori

492 4760 670 4842 Rettulit
688 4760 763 4873 ipse
782 4786 848 4846 tuo
868 4765 975 4871 longe
991 4762 1232 4854 admiranda
1241 4774 1459 4858 Corambis.
1675 4846 1681 4858 .

436 4867 538 4973 Jam
554 4865 716 4968 culum,
733 4870 777 4953 ό*
795 4894 922 4955 terras
949 4875 1145 4991 tenebrosa
1161 4884 1379 4969 involuerut
1407 4886 1545 4973 umbra
1673 4903 1676 4907 ’

495 4975 794 5077 Humidum,
819 4983 1019 5092 pelagique
1037 4988 1176 5096 finus,
1204 5021 1351 5101 unoque
1371 4994 1570 5105 fauebunt

491 5096 572 5180 Ore
588 5120 732 5198 omnes,
761 5090 805 5180 il
822 5116 940 5182 eraut
964 5099 1093 5212 meufis
1108 5103 1275 5220 subluta
1291 5106 1473 5221 secundis

1609 5259 1732 5349 Pecu·
