4459 6750
455 913 546 996 ’μ
760 896 765 905 ’
862 862 1361 974 RUBLIUS

397 1005 674 1127 ascensos,
696 1001 837 1144 Belga
862 999 972 1123 ille,
999 1010 1075 1105 cui
1095 1008 1182 1104 Ars
1198 996 1556 1240 Typopraplrica
1574 991 1711 1099 baud
1740 1022 1824 1135 par

406 1186 521 1252 rum,
540 1142 708 1263 deber,
743 1139 917 1284 quique
941 1150 1058 1249 inter
1080 1142 1295 1249 Eruditos
1322 1136 1447 1241 ilius
1474 1143 1616 1237 aetatis
1649 1133 1821 1285 locum

403 1268 823 1406 tenet,·non,eum
847 1321 1001 1384 tamen
1018 1326 1035 1401 3
1068 1318 1211 1422 quem
1247 1319 1345 1381 non
1373 1274 1466 1377 srne
1492 1272 1688 1417 fremitu
1724 1274 1817 1377 do-

405 1434 590 1526 diorum
618 1420 901 1540 Gallorum,
936 1418 1231 1558 aliorumque
1264 1418 1416 1517 eidem
1448 1409 1691 1550 assignavit
1719 1421 1818 1515 De·

409 1557 856 1679 fidenae—Erasmus,
889 1561 1005 1667 dum
1025 1560 1222 1658 Badium
1246 1549 1615 1692 nudamquoad
1639 1550 1817 1655 dirrio

414 1737 523 1800 nem
551 1698 860 1816 Tullianam,
894 1692 1120 1837 praetulit,
1155 1692 1369 1834 abreptus
1399 1701 1559 1831 utique
1582 1694 1817 1835 ,amicitia

415 1847 461 1937 vi
490 1874 594 1974 erga
618 1826 883 1976 popularem
910 1831 1071 1972 suum.

479 1988 881 2075 commentatores
902 1972 988 2072 hos
1007 1983 1187 2112 itaque,
1205 2007 1398 2072 necnon
1414 1963 1558 2084 asina,
1575 2003 1815 2108 quotquot

410 2120 459 2210 in
493 2110 642 2248 priscis
664 2123 868 2214 Terentii
910 2108 1199 2210 [ditionibus
1234 2141 1485 2248 apparent,
1519 2109 1680 2226 (inter
1702 2145 1822 2247 quas

409 2251 528 2351 dnm
556 2250 705 2348 modo
719 2246 911 2350 observo
944 2245 1160 2349 Bibliotlr
1198 2251 1346 2348 Latin.
1365 2239 1556 2346 Fabricii
1577 2264 1819 2348 memor&

409 2386 458 2483 re
473 2383 762 2486 Parmensem
774 2393 1017 2523 Pomponii
1038 2394 1179 2505 Laeti,
1198 2422 1374 2485 moneo
1404 2390 1678 2501 munem,
1700 2383 1818 2511 ejus·

410 2521 520 2620 dem
545 2521 764 2623 Biblioth.
789 2527 1123 2655 testimonium,
1144 2563 1198 2624 ex
1228 2520 1446 2661 superiori
1474 2557 1530 2661 pa
1563 2597 1583 2620 ..
1599 2559 1687 2638 44.
1723 2522 1820 2626 buc

418 2657 748 2778 referendum)
782 2701 873 2779 eos,
902 2673 1114 2800 inquam,
1128 2699 1292 2760 omnes
1328 2657 1482 2759 millos
1512 2555 1685 2759 sciens
1722 2660 1821 2765 lau·

409 2797 513 2907 data
559 2793 784 2934 Hagensrs
832 2800 1024 2918 Editio,
1066 2793 1223 2898 'solum
1265 2795 1614 2938 Calplrumium
1644 2806 1820 2903 Brixia,

411 2967 532 3062 num
567 2937 767 3070 dignum
804 2945 983 3074 putavit
1015 3008 1030 3053 ,
1065 2971 1208 3072 quem
1254 2945 1486 3039 intasium
1523 2938 1821 3042 Dbna'ro‘sd

402 3073 585 3188 eiaret,
622 3069 787 3172 celebri
817 3069 888 3172 illi
914 3082 1119 3174 Terentii
1144 3070 1420 3213 lnrer'preti,
1452 3110 1598 3213 quem
1629 3112 1657 3175 a
1691 3112 1826 3198 mor-

394 3212 504 3304 --ruis
535 3211 826 3310 excitandum
867 3208 1016 3312 scribit
1050 3210 1296 3314 Robertus·
1313 3207 1580 3350 Stephanus
1606 3219 1817 3316 rorum-

405 3339 483 3445 -fan
524 3343 612 3449 sira
648 3351 770 3450 Edit.
820 3345 858 3451 sr
901 3360 1007 3490 quis
1052 3361 1216 3452 omnia
1267 3346 1595 3451 accuratiffirri'a
1625 3357 1707 3453 in·
1725 3362 1825 3459 Te-

400 3492 557 3579 rentio
604 3496 888 3618 requireret.
941 3500 1092 3615 Cujus
1146 3491 1234 3586 loci
1263 3489 1500 3590 'horrorem
1548 3487 1818 3597 merebatur

402 3616 528 3720 aden
567 3615 925 3753 CalplrumiuS,
974 3659 1024 3721 ut
1060 3631 1110 3721 in
1136 3631 1360 3727 'Dramate
1396 3624 1484 3728 illo
1523 3634 1815 3754 enarrando,

399 3789 504 3888 quo
564 3762 687 3851 inter
728 3759 1009 3864 Terentiana
1055 3758 1244 3863 nullum
1290 3761 1595 3904 elegantius,
1653 3759 1818 3910 quod.

404 3923 498 4031 que
532 3926 761 4028 propterea
799 3890 1016 4034 plerique
1035 3895 1102 3998 ab
1123 3898 1493 4041 eloquentissimo
1520 3902 1661 4009 Laelio
1698 3906 1808 4014 scri·

406 4062 541 4164 ptum
568 4030 916 4152 existimarunt,
937 4033 1200 4138 velut'alter
1216 4050 1427 4143 Donatus
1450 4041 1811 4185 passrnr'lrabea·

408 4202 515 4265 tur.
566 4165 726 4270 Valeat
759 4208 914 4273 autem
946 4173 1176 4312 Hagensrs
1210 4178 1439 4282 Editionis
1473 4220 1656 4287 curator
1672 4265 1675 4270 -
1692 4177 1820 4313 cum,

407 4298 655 4450 suspicione
690 4303 803 4426 illa,
838 4346 982 4447 quant
1009 4349 1167 4417 movet
1188 4315 1400 4418 adversus
1424 4303 1807 4462 calphurnium,

404 4439 589 4574 perinde
614 4440 721 4563 acii
747 4442 985 4550 obtruserir
1010 4488 1091 4590 pro
1115 4448 1194 4554 sua
1223 4466 1558 4563 enarrationem
1580 4469 1807 4569 inHeau-

296 4640 298 4642 ·
403 4585 836 4685 toutimorumenon
870 4626 925 4685 ex
960 4596 1149 4690 Donato
1175 4630 1370 4733 ,quem
1402 4593 1522 4702 forte
1559 4599 1805 4741 integrum

402 4710 676 4863 possidebat,
710 4718 1032 4865 desumptam,
1048 4765 1103 4830 ut
1122 4726 1210 4831 hac
1231 4741 1405 4871 ratione
1427 4744 1481 4837 in
1512 4733 1691 4877 syllabo
1709 4743 1811 4848 Pla-

401 4862 659 4989 giariorum
686 4860 1000 5001 Calphumius
1029 4870 1396 4975 etiam-locetur.
1430 4886 1669 4992 ‘Eximiam
1694 4884 1809 4987 eal-³

401 4990 590 5127 phurnii
619 4999 882 5115 desirinam
916 5008 1147 5110 notiorem
1176 5008 1387 5149 plurain
1420 5014 1802 5162 ltocssipecirnine

1064 5167 1066 5172 ’
1637 5165 1741 5262 red-
