4459 6750
484 929 578 1010 2'18
863 901 906 1010 Ρ
930 909 969 1011 0
1006 909 1054 1012 E
1089 900 1195 1008 T]
1230 897 1361 1008 CA.

482 1048 622 1151 Unde
649 1046 891 1165 acciderit,
917 1052 1280 1186 Epigrammatis
1305 1041 1445 1164 hujus
1467 1042 1706 1136 audiorem
1731 1031 1829 1171 pas-

416 1190 502 1288 sim
532 1184 690 1288 haberi
721 1195 900 1288 Siccum
926 1190 1139 1285 nostrum
1154 1258 1169 1302 ,
1208 1181 1333 1280 haud
1361 1177 1467 1277 licet
1492 1176 1736 1275 divinare.
1779 1180 1826 1275 A

417 1325 623 1431 Varchio
648 1362 803 1426 tamen
826 1335 990 1460 magni
1016 1322 1232 1419 habitum
1261 1315 1391 1420 fuiffe
1417 1324 1825 1431 Siccum,certum

418 1467 618 1566 reddunt
646 1460 877 1567 vernaculi
905 1455 1125 1560 nonnulli
1158 1454 1297 1596 ipsius
1320 1453 1514 1555 Varchii
1547 1451 1732 1572 verim,
1769 1464 1819 1556 in

418 1601 591 1742 quibus
622 1604 772 1701 eidem
797 1595 1011 1699 lnlubriae
1044 1632 1243 1735 regnum
1281 1630 1410 1729 aequa
1445 1590 1599 1713 lance,
1636 1609 1684 1693 δι
1707 1591 1823 1693 salu-

416 1738 577 1840 btibus
611 1735 813 1840 consiliis
849 1737 1242 1852 administranti,
1288 1773 1341 1831 ea
1378 1728 1599 1833 tribuitur
1635 1769 1737 1834 tam
1773 1741 1821 1835 in

414 1875 660 2018 prosperiS,
698 1914 841 2015 quam
869 1886 920 1975 in
945 1871 1141 1976 adversis
1168 1868 1329 1991 rebuS,
1351 1871 1653 2013 eloquentiae,
1681 1915 1735 1974 ac
1761 1870 1786 1974 l
1804 1938 1821 1959 -

416 2025 599 2157 pientia
623 2016 753 2132 laus,
789 2051 841 2114 ut
869 2012 1022 2152 palma
1081 2052 1137 2112 rae
1160 2010 1384 2114 omnibus
1406 2010 1491 2152 ipsi
1511 2017 1821 2137 adjudicetua,

417 2190 472 2253 ut
508 2149 702 2254 habetur
729 2160 778 2252 in
803 2149 962 2251 libello
982 2052 1137 2251 Italica
1163 2151 1355 2256 Varchii
1380 2160 1588 2254 carmina
1615 2153 1818 2293 comple·

419 2300 596 2409 ciente,
613 2289 850 2397 'Florentiae
873 2291 998 2392 edito
1024 2330 1096 2392 an.
1118 2332 1173 2414 15
1184 2333 1208 2415 5
1219 2333 1261 2415 5.
1299 2295 1512 2394 Tandem
1529 2293 1588 2393 ad
1610 2290 1817 2419 ejusdem

416 2426 603 2529 Nic-olai
630 2435 742 2530 Sicci
774 2428 958 2531 laudem
996 2466 1276 2569 magnopere
1302 2426 1518 2555 faciunt,
1553 2471 1656 2572 quae
1687 2435 1746 2535 de
1772 2475 1824 2534 eo

415 2561 571 2666 scribit
604 2576 932 2709 Hieronymus
966 2572 1207 2670 Cardanus
1242 2580 1293 2670 in
1330 2580 1553 2672 Tradiatu
1594 2574 1653 2674 de
1692 2572 1818 2673 libris

414 2715 630 2842 propriis,
651 2746 910 2849 eorumque
935 2711 1172 2829 otdine‚&
1196 2705 1307 2830 usu,
1323 2712 1528 2811 eundem
1555 2718 1605 2807 in
1631 2714 1819 2811 exordio

409 2851 475 2941 ita
502 2844 776 2982 alloquens:
813 2847 900 2953 Tu
930 2887 1198 2986 veroquam
1230 2852 1450 2951 nobilitati
1476 2857 1647 2980 generis
1685 2863 1816 2953 animi

406 3016 573 3116 quoque
593 2983 865 3117 splendorem
900 2988 1188 3121 adjunxeris,
1223 3017 1318 3089 tum
1338 2983 1534 3118 studium
1560 2982 1812 3120 fingulare,

398 3125 685 3257 peritiamque
722 3131 958 3223 maximam
994 3123 1272 3247 liberalium,
1306 3156 1360 3231 ut
1395 3155 1572 3245 vocant,
1593 3130 1812 3251 Artium,

403 3264 563 3357 merito
576 3260 625 3356 de
642 3259 930 3396 bisjudieium
939 3261 1225 3398 facerepotes
1240 3344 1251 3362 .
1266 3271 1367 3405 Ego
1382 3306 1489 3370 vero
1511 3304 1659 3370 nomen
1677 3301 1811 3390 tuum,

404 3397 463 3499 (a
484 3395 674 3523 gloriam
683 3470 701 3514 ,
726 3436 933 3536 quantum
956 3403 1066 3501 mihi
1084 3400 1163 3527 fas
1182 3402 1264 3535 est,
1284 3412 1345 3507 ad
1358 3404 1546 3538 poderes
1564 3413 1808 3531 traducam,

404 3561 453 3631 ut
492 3536 840 3665 quemadmodum
849 3539 1145 3664 fhreimdiue,
1181 3550 1239 3648 ὢν
1254 3546 1488 3673 prudentia
1505 3549 1718 3685 presenti
1735 3553 1811 3688 ſse-

397 3671 491 3763 eulo
513 3692 640 3761 uatus
658 3702 704 3764 es
733 3670 861 3802 usque
891 3672 950 3767 ad
972 3671 1120 3788 ludos,
1148 3682 1216 3775 ita
1240 3679 1537 3805 humanitate,
1573 3692 1631 3789 (ἓν
1648 3689 1807 3821 studia

396 3834 496 3902 rum
532 3835 674 3902 amore
707 3802 885 3934 futuris
910 3805 1084 3939 seculis
1108 3837 1193 3946 per
1227 3853 1294 3917 me
1328 3857 1492 3959 qmque
1525 3830 1801 3961 iauotefias.

469 3942 706 4039 Antonius
731 3951 951 4052 Cerrutus
974 3948 1273 4053 Novarienfis
1296 4030 1312 4073 ,
1336 3971 1468 4083 cujus
1492 3962 1678 4065 exstant
1714 4007 1803 4067 car-

402 4084 593 4175 minum
618 4075 725 4182 libri
746 4120 946 4221 quatuor
962 4113 1040 4196 an.
1062 4125 1118 4211 15
1131 4127 1205 4210 50.
1223 4103 1429 4198 Venetiis
1452 4101 1595 4218 editi,
1622 4110 1674 4201 in
1698 4147 1805 4245 qua-

400 4216 511 4314 dam
531 4217 635 4318 Ode
658 4217 736 4318 lib.
759 4264 796 4321 1.
820 4232 1003 4326 Siccum
1027 4228 1238 4331 nostrum
1263 4242 1455 4358 invitat,
1477 4279 1530 4342 ut
1559 4241 1617 4339 ad
1650 4239 1801 4347 secum

400 4349 730 4469 celebrandum
757 4362 884 4461 diem
912 4363 1132 4466 Natalem
1159 4379 1226 4471 D.
1256 4382 1451 4479 Martini
1479 4381 1699 4505 accedat,
1735 4427 1803 4485 co-

401 4489 626 4727 nfinesque
662 4496 878 4605 adhibeat
916 4504 1171 4630 Olivium,
1208 4519 1561 4644 Martiranum,
1598 4533 1647 4621 &
1682 4532 1796 4628 Mir-

398 4664 418 4727 t
457 4665 584 4732 ium:

795 4787 927 4882 Sicce,
946 4783 1059 4895 sacri
1083 4785 1190 4879 cheri

505 4882 719 4992 fontisque
750 4901 868 4974 Aonii
894 4893 1022 4995 decus,

557 4995 760 5114 Praefedie
788 5025 910 5108 atque
936 5030 1066 5111 potem
1081 5011 1276 5127 Jufh‘tiae,
1303 5031 1404 5114 vices

500 5108 694 5193 Exercem
721 5107 812 5199 deae
843 5116 1026 5230 Cesaris,
