4459 6750
719 884 815 975 ηδ
1080 869 1679 992 ORATORIA.

634 1003 970 1119 infirmusque,
992 1031 1050 1089 ac
1077 1005 1366 1103 laudatissimis
1392 1010 1642 1095 mortalibus
1660 1002 1912 1090 contulerint
1937 1062 1946 1082 .
1977 998 2051 1088 Tn

648 1120 805 1229 igitur,
824 1115 956 1202 frater
968 1117 1153 1224 ¹Gregori
1165 1146 1290 1217 ,cura
1310 1143 1506 1230 utquam
1526 1123 1712 1229 primum
1734 1109 2053 1220 impressoribus

649 1227 733 1311 hoc
751 1227 991 1310 immortale
1009 1226 1129 1334 Opus
1157 1229 1501 1325 commendetur,
1532 1256 1583 1310 ne
1601 1227 1761 1310 incuria
1792 1223 1912 1302 unius
1937 1221 2058 1303 muli

650 1358 794 1420 torum
812 1335 973 1418 utilitas
992 1335 1250 1445 impediatur
1264 1337 1331 1433 ,dc
1354 1337 1641 1420 testimonium
1663 1330 1950 1440 amplexanda
1971 1330 2060 1410 vir·

647 1447 752 1528 tutis
771 1446 1047 1533 multitudine
1066 1444 1283 1525 modicum
1304 1499 1315 1538 ,
1341 1443 1416 1523 ‘sed
1434 1467 1588 1522 aeter-na
1602 1440 1975 1524 commendatione
1998 1437 2058 1520 di·

649 1555 960 1663 gnum-diutius
976 1553 1218 1635 occultent.
1248 1548 1479 1662 Qantum
1499 1568 1644 1631 autem
1676 1549 1826 1631 debeat
1854 1547 1954 1630 huic
1985 1549 2056 1630 do·

645 1668 736 1751 mui
754 1663 1011 1747 Britannicae
1028 1661 1102 1744 ista
1123 1660 1384 1758 mortalitas,
1414 1687 1507 1769 quae
1527 1681 1620 1742 tum
1638 1655 1804 1761 ‘loannis
1818 1655 1966 1742 fratris
1988 1661 2053 1742 tui

605 1786 608 1791 '
645 1773 1064 1882 interpretationibus
1094 1790 1184 1854 tam
1215 1772 1257 1854 in
1285 1768 1474 1854 Persium
1505 1790 1675 1881 poetam
1715 1795 1846 1880 quam
1876 1770 2055 1854 difficili·

649 1909 798 1982 mum,
827 1909 956 1993 quam
973 1885 1016 1966 in
1034 1880 1159 1965 Statii
1181 1881 1441 1966 Achilleidos
1458 1875 1555 1965 satis
1584 1877 1791 1966 illustrata
1820 1880 1878 1962 est
1900 1938 1913 1980 ,
1944 1908 2054 1989 egre·-

646 1997 797 2103 giaque
824 1995 865 2076 in
894 1995 980 2076 dies
1008 1990 1207 2103 expediat
1237 1994 1610 2089 commentaria-io
1632 1990 1921 2095 -Juvenalem,
1951 1994 2053 2076 Ovi·

649 2105 854 2212 diumque
872 2102 1287 2211 Metamorphoseos,
1317 2124 1412 2194 tum
1426 2103 1691 2213 reliquorum
1715 2101 1900 2187 fratrum
1930 2130 2049 2187 orna·

649 2217 803 2295 mentis
824 2271 837 2312 ,
864 2213 1048 2324 quidese
1078 2213 1245 2297 student
1262 2216 1420 2298 caeteris
1440 2213 1632 2323 praestare
1656 2214 1742 2296 suis
1763 2212 2051 2298 venustissimis

644 2321 833 2406 moribus
862 2322 1160 2425 animantibus,
1188 2327 1291 2408 meis
1309 2323 1568 2408 sermonibus
1591 2323 1761 2408 difficile
1793 2325 2051 2435 panderem.

645 2435 726 2516 Sed
747 2433 774 2514 sr
795 2435 836 2515 in
855 2435 936 2517 illis
955 2433 1046 2546 ipsrs
1064 2437 1409 2519 connumerandis
1425 2439 1661 2519 orationem
1683 2453 2050 2549 protraxero,quae

547 2640 552 2647 ,
640 2571 735 2629 mea
756 2546 962 2629 excedunt
981 2546 1145 2630 dicendi
1160 2543 1415 2631 facultatem
1432 2605 1443 2644 ,
1458 2572 1619 2645 vereor,
1630 2574 1680 2629 ne
1699 2544 1930 2630 ledioribus
1952 2549 2051 2630 meis

642 2657 818 2740 radium
839 2658 1050 2741 insiciam.
1083 2657 1155 2738 Ad
1186 2680 1229 2738 te
1258 2683 1357 2739 vero
1387 2656 1597 2767 post-remo
1624 2684 1796 2742 recurro
1824 2656 1937 2741 mihi
1966 2686 2049 2740 orn·

640 2769 760 2846 nium
779 2767 1026 2850 mortalium
1044 2768 1339 2850 amicissimum
1350 2771 1593 2878 ,quiquam
1614 2795 1683 2850 me
1703 2768 1802 2853 satis
1821 2774 2053 2865 ornaveris5'

639 2872 928 2981 studuerisque
957 2875 1214 2982 amplissimis
1243 2876 1439 2960 laudibus
1461 2877 1681 2987 insignire,
1713 2879 2050 2989 praellantiffimis

639 2982 776 3061 ritulis
797 2982 1026 3082 decorare,
1059 2983 1317 3096 summisque
1347 2988 1430 3069 tuis
1458 2987 1677 3073 conatibus
1703 2989 1949 3092 extollere,
1978 3018 2053 3101 ego·

640 3113 785 3170 autem
807 3094 944 3174 minus
962 3094 1214 3195 meruerim,
1246 3098 1400 3205 gratias
1418 3119 1595 3208 quantas
1616 3098 1778 3210 polium
1808 3099 1858 3186 dt
1875 3131 1981 3214 ago,
2000 3104 2046 3186 δε

641 3198 810 3302 lrabe03
842 3229 916 3284 nec
936 3225 1066 3312 puto,
1083 3206 1215 3289 modo
1232 3205 1321 3291 fata
1342 3206 1495 3308 sinant,
1526 3215 1635 3293 inter
1652 3215 1857 3295 ¹niventes
1890 3217 1954 3298 tui
1985 3243 2054 3298 un·

635 3337 766 3421 quarn
788 3312 900 3425 polle
917 3313 1129 3399 oblivisci.
1160 3314 1230 3402 Tu
1250 3320 1407 3403 interea
1428 3320 1772 3425 vale‚‚&rne,ut
1787 3325 1948 3437 coepisti
1960 3326 2055 3427 ,ob-

637 3423 781 3526 serva,
808 3424 935 3526 jubar
953 3426 1252 3512 lueidilfimum
1272 3428 1422 3513 domus
1443 3430 1697 3517 Britannicae
1726 3493 1735 3513 .
1781 3433 1852 3519 Ex
1884 3434 2057 3550 Episooa

636 3555 744 3643 patu
766 3537 906 3616 nostro
925 3536 1126 3617 Brixiano
1146 3537 1400 3619 duodecimo
1418 3540 1503 3623 Kal
1524 3542 1687 3652 Aprilis
1713 3564 1834 3650 1495.

704 3674 938 3778 Utautem
954 3701 1075 3759 exeo
1090 3674 1302 3802 Gregorii
1314 3668 1473 3776 libello
1490 3675 1644 3782 brevia
1664 3683 1818 3827 aliqua
1836 3728 2042 3833 excerpta

632 3835 762 3894 more
779 3799 938 3907 nostro
953 3797 1268 3938 proferamus,
1284 3811 1457 3925 ornillrs
1471 3822 1792 3947 Orationibus,
1805 3868 1924 3968 quas
1937 3832 2045 3938 Col-

632 3935 775 4046 lesbor
798 3935 1011 4075 vulgares
1043 3940 1275 4081 appellat,
1299 3958 1416 4054 inter
1451 3956 1647 4066 literales
1673 3981 1874 4070 occurrit
1893 3984 2044 4111 primo

632 4073 965 4178 loco'funebris
992 4092 1150 4181 Sermo
1178 4091 1229 4184 in
1252 4090 1475 4197 Carolum
1499 4100 1823 4227 Malatestam,
1867 4108 2039 4215 Pisauri

633 4224 926 4336 Dominum,
951 4218 1140 4322 ‘habitus
1167 4224 1225 4325 ad
1249 4232 1578 4376 Pandulpfhum
1610 4258 1708 4370 ejus
1734 4243 1957 4373 fratrem,
1993 4265 2039 4366 io

632 4383 728 4489 quo
747 4354 900 4454 Caroli
932 4361 1094 4493 gesta,
1134 4402 1304 4504 magna
1331 4414 1385 4473 ex
1410 4414 1534 4515 parte
1559 4383 1616 4483 ad
1650 4395 1876 4491 Brixianae
1895 4390 2036 4501 ‚urbis

630 4491 869 4592 historiam
894 4490 1164 4631 sperantia,
1190 4505 1261 4604 his
1284 4512 1432 4615 verbis
1457 4517 1795 4630 describuntur.

734 4633 816 4746 :Ge
838 4631 942 4716 dum
962 4636 1094 4720 libeat
1114 4642 1259 4725 Caroli
1280 4645 1423 4735 fratris
1442 4661 1599 4761 vitam,
1625 4664 1775 4777 resque
1794 4695 1897 4756 cum
1911 4676 2047 4775 dorni,¹

626 4858 635 4875 .
759 4755 866 4868 'tum
887 4746 1019 4828 eriam
1039 4751 1204 4882 militiae
1221 4755 1376 4860 gestas,
1408 4761 1524 4853 brevi
1553 4776 1766 4861 recensere
1786 4839 1799 4881 ,
1821 4804 1961 4897 atque
1986 4788 2046 4874 alr

626 4878 797 4940 ineunte
826 4883 915 4954 ejus
933 4880 1058 4942 aetate
1077 4865 1232 4946 ordiri.
1264 4865 1593 4969 adolescentem
1611 4890 1765 4990 audio,
1785 4889 1866 4976 sub
1885 4923 2046 5007 patruo¹

623 4966 698 5100 suo
722 4966 977 5096 Pandulplro
997 4969 1242 5094 lfanensrum
1274 5005 1370 5090 rege
1390 5047 1402 5087 ,
1422 4990 1615 5105 duceque
1641 5004 2037 5111 armipotenrillrmn

625 5109 817 5189 primum
837 5080 1057 5197 militalle5
1074 5085 1594 5206 -sec.undutrrque..diutius
1614 5112 1955 5225 apudBrixiam
1977 5152 2029 5212 un

1875 5234 1978 5329 bern
