4459 6750
697 928 793 1047 270
1081 913 1124 1021 P
1149 919 1190 1021 0
1224 917 1273 1021 Ε
1304 913 1419 1021 T]
1450 915 1488 1012 C
1517 908 1585 1018 A.

623 1064 917 1176 monstrant‚·
949 1063 1018 1156 M.
1038 1059 1250 1158 Antonio
1273 1063 1465 1155 Murem
1487 1054 1726 1149 neminem
1754 1048 1915 1142 minus
1944 1042 2043 1142 ido·

626 1239 771 1311 neum
794 1195 952 1317 fuisse,
973 1206 1055 1334 qui
1080 1237 1105 1296 a
1133 1190 1662 1302 Manutio...dissentiret,
1699 1184 1837 1321 idque
1861 1191 1909 1280 in
1936 1221 2043 1319 pro·

627 1337 775 1442 banda
803 1347 1035 1449 Laurentii
1062 1333 1303 1448 Gambarae
1330 1328 1487 1449 Poesr,
1514 1367 1606 1468 qua
1636 1333 1687 1424 in
1720 1363 1768 1424 re
1792 1328 2043 1422 Manutius

629 1475 720 1615 ipse
744 1477 1027 1591 affirmavit,
1066 1481 1304 1579 neminem
1336 1468 1490 1589 adhuc
1511 1461 1758 1580 invenisse,
1789 1464 1947 1601 quiid
1972 1458 2043 1559 sa-

629 1652 786 1718 ceret.
837 1615 1001 1745 Quid?
1039 1612 1167 1751 quod
1199 1612 1354 1731 Justus
1387 1603 1589 1748 Lipsius,
1625 1598 1840 1743 exquisiti
1876 1610 2038 1738 utique

630 1757 792 1880 judicii
819 1749 998 1868 censor,
1036 1755 1148 1850 adeo
1171 1759 1469 1852 Laurentium
1497 1743 1784 1848 Gambaram
1808 1737 1873 1840 ob
1896 1749 2038 1840 Poeti-

630 1887 691 1994 cae
716 1931 840 1994 venae
868 1889 1137 1993 felicitatem
1162 1886 1382 2028 suspexit,
1420 1923 1472 1988 ut
1497 1923 1681 1986 rumore
1706 1885 1764 2012 de
1791 1897 1892 2009 ejus
1923 1920 2041 1981 mor·

637 2070 679 2134 te
705 2041 754 2128 in
780 2028 990 2169 Belgium
1020 2027 1190 2168 perlato
1203 2106 1224 2148 ,s
1255 2039 1412 2128 astum
1445 2027 1799 2164 quodam-modo
1833 2023 1890 2120 de
1927 2018 2041 2120 ltasae

639 2164 786 2270 Poesrs
818 2169 965 2305 gloria
995 2168 1251 2281 censuerit.
1301 2181 1365 2268 Ita
1400 2178 1528 2266 enim
1556 2162 1709 2264 scribit
1744 2163 1800 2262 ad
1827 2157 2040 2262 Fulvium

641 2304 864 2410 Utfinum
894 2307 1132 2448 Epistosar.
1157 2306 1236 2407 lib.
1257 2350 1297 2406 2.
1334 2309 1468 2412 Verus
1504 2343 1552 2406 ue
1578 2309 1637 2404 ud
1661 2342 1725 2404 me
1745 2313 1921 2403 nuncius
1944 2309 2045 2402 ucci-

638 2449 739 2564 dit,
767 2449 1050 2551 Laurentium
1074 2449 1346 2551 Gumbaeuen
1382 2440 1540 2584 ebiffie?
1580 2448 1870 2571 Neuveeus,
1896 2446 2046 2577 spero,

638 2621 712 2687 nec
745 2590 893 2716 Mese
916 2599 1214 2724 permittant.
1259 2595 1321 2692 Si
1356 2616 1498 2687 tamen
1532 2582 1628 2714 est',
1675 2585 1830 2691 dole0;
1859 2591 2046 2718 primum

645 2727 864 2865 utriusque
889 2727 1074 2858 nostrum
1098 2725 1259 2860 causa,
1295 2737 1373 2863 qui
1395 2733 1611 2843 amicum,
1646 2725 1787 2824 deiude
1808 2724 1955 2823 Italiae
1978 2755 2046 2818 ve-

629 2858 767 2993 stre,
788 2905 881 3001 que
898 2867 1083 2968 Puerum.
1097 2861 1238 2996 amifh
1255 2873 1338 2982 ,Θ
1362 2859 1502 2992 amisti
1532 2891 1577 2962 ‘eo
1607 2893 1791 2998 tempore
1809 2937 1823 2981 ,
1840 2901 1925 2999 que
1951 2889 2041 2996 opus

642 3009 814 3100 minime
831 3001 984 3130 foret.
1029 3005 1156 3105 Vides
1193 3015 1303 3100 enim
1329 3005 1407 3102 illu
1435 3010 1547 3130 regio
1572 3001 1719 3134 vestra
1749 3077 1763 3120 ‚
1790 3039 1924 3139 quum
1954 3035 2044 3100 nutu

641 3138 717 3244 hor
742 3174 894 3268 genere
925 3150 1165 3243 ornamenti
1191 3145 1272 3242 neu
1302 3141 1518 3275 abundet„
1553 3136 1742 3281 Insuper
1763 3141 1921 3280 Lylius
1947 3148 2042 3237 Gre-

642 3283 808 3413 gorius
844 3278 1117 3416 Gyraldus‚
1162 3276 1243 3395 etsi
1275 3287 1326 3383 in
1360 3288 1596 3390 Brixianos
1632 3270 1820 3411 l’oetas,¹
1855 3318 1907 3379 ut
1946 3280 2042 3378 uidi·

642 3452 751 3516 mus
764 3492 782 3540 2
808 3457 906 3522 non
930 3433 1131 3527 omnino
1155 3419 1272 3522 bene
1299 3428 1564 3538 animatus,
1591 3431 1895 3524 Laurentium
1916 3430 2043 3520 Gan«

641 3550 799 3656 baram
814 3632 834 3679 2
865 3574 995 3680 cujus
1018 3574 1233 3660 Poemata
1263 3572 1437 3657 -Romae
1472 3558 1631 3658 excusa
1657 3560 1865 3694 legerat,
1901 3578 1950 3660 &
1974 3597 2042 3660 nu-

641 3699 780 3790 metis
803 3703 988 3835 poeticis
1005 3716 1028 3810 ‚'
1044 3734 1094 3792 ac
1119 3694 1279 3827 figuris
1292 3697 1369 3810 ‚'&
1394 3697 1797 3817 variaeruditione
1819 3698 2039 3840 insignem

639 3824 799 3931 haberi
810 3903 831 3952 ,Ι
852 3828 1039 3938 testatur
1062 3833 1117 3935 de
1139 3832 1410 3934 Poet.nostr.
1436 3868 1577 3973 temp.
1593 3836 1714 3935 Dial.
1730 3878 1775 3941 2.

663 4022 667 4033 ·
712 3975 946 4073 Laurentii
964 3969 1205 4076 Gambarae
1225 3984 1495 4075 carminum
1522 3979 1580 4077 ad
1601 4014 1770 4092 manus
1796 3977 1956 4085 habeo
1974 3980 2043 4081 du-

639 4102 808 4248 plicem
837 4107 1106 4212 Editionem
1132 4124 1401 4212 Romanam
1424 4188 1441 4231 ,
1476 4122 1708 4217 nimirum
1732 4156 1807 4217 an.
1831 4134 2046 4241 1581.&

641 4284 713 4344 an.
739 4291 754 4344 1
771 4265 885 4367 586.¹
920 4287 1116 4352 necnon
1141 4249 1533 4353 Basrsecnseman²
1552 4295 1608 4376 15
1621 4298 1643 4377 5
1655 4298 1709 4379 5.¹
1724 4296 1800 4393 per
1821 4261 2046 4373 joannem

641 4395 942 4522 oporinum,
979 4399 1031 4493 in
1052 4431 1145 4531 qua
1166 4401 1407 4496 Laurenti-i·
1436 4403 1645 4496 carmina
1672 4393 1828 4498 Basilii
1852 4396 2048 4502 Zanchii

637 4525 928 4627 carminibus
947 4526 1319 4671 subjunguntur,
1357 4542 1522 4672 utique
1548 4576 1612 4646 err·
1632 4546 1754 4636 arcia
1769 4613 1787 4654 ‚,
1810 4577 1965 4676 quam
1989 4548 2047 4639 in·

639 4697 705 4765 ter
740 4662 781 4763 se
803 4667 1017 4774 colebant
1038 4726 1053 4791 5
1076 4680 1309 4774 amicitia.
1346 4684 1574 4775 Poemata
1608 4687 1796 4776 minora
1824 4680 2048 4780 Laurentii

634 4800 1038 4954 pleraqueonmia
1061 4810 1453 4915 sacram-tractant
1478 4824 1720 4915 materiam
1736 4857 1749 4926 3w
1778 4832 1960 4944 majora
1988 4857 2047 4917 ve-

633 4980 691 5043 ro
716 4938 820 5042 sunt
849 4940 960 5065 sex,
994 4984 1199 5086 quorum
1224 4988 1537 5087 argumenta,
1570 4951 1870 5079 Columbus,
1906 4972 2045 5062 Vene-

613 5092 705 5187 tiae
724 5138 752 5205 ‚·
779 5084 1067 5228 captacula,-
1091 5087 1336 5230 Exposui,
1359 5096 1750 5236 Gigantomacstia
1775 5174 1797 5226 ,
1822 5112 2037 5240 Anguist

946 5303 948 5308 -
1905 5254 1974 5346 Ex
