4459 6750
569 1023 578 1031 ⁸
723 877 1479 1027 *eunMMATqu
1689 856 1800 1018 μ’

412 1096 421 1118 ,.
490 1041 590 1130 Hoc
607 1020 753 1161 pofito
774 1037 1009 1126 Prooemio
1033 1028 1159 1132 illico
1170 1040 1406 1175 Saturnius
1424 1024 1659 1134 Gerundia
1680 1033 1824 1178 quem

415 1179 467 1265 in
494 1164 696 1263 modum
723 1202 777 1261 ex
793 1162 879 1262 usu
901 1177 1145 1267 auctorum
1177 1171 1541 1290 construantur,
1576 1212 1826 1277 commou-

403 1306 521 1414 -strat
552 1379 567 1421 ,
603 1338 824 1454 captaque
869 1306 976 1404 iude
1012 1308 1243 1436 occafionc
1275 1306 1334 1408 ab
1371 1319 1534 1408 errotis
1572 1309 1825 1449 suspicione

413 1451 582 1581 purgat
618 1441 795 1578 phrases
825 1441 1081 1539 nonnullas
1117 1454 1330 1540 aLatino
1363 1442 1648 1549 Pla-lmorum
1686 1461 1826 1552 inter-

417 1615 541 1717 prete
562 1574 821 1716 usurpatas,
841 1615 914 1676 eas
933 1586 1087 1685 tamen
1118 1579 1355 1697 vetustati,
1373 1618 1431 1678 ac
1449 1581 1663 1724 religioni
1684 1592 1824 1692 relin-

413 1718 626 1855 quendas
653 1716 908 1819 affirmans:

782 1867 785 1874 ’
909 1860 1295 1968 ,ὣωιω.

468 1998 567 2083 Nec
595 1999 686 2100 est,
716 1998 784 2084 hic
821 1995 929 2107 mihi
965 1999 1081 2109 quod
1117 1998 1342 2110 quisquam
1378 1995 1591 2102 objiciat.
1640 2001 1705 2088 At
1743 2003 1826 2090 hoc

414 2110 582 2193 dicendi
621 2136 748 2218 genus
787 2109 910 2190 nimis
956 2135 1087 2218 quam
1125 2108 1300 2192 insolens
1338 2109 1394 2193 est
1427 2173 1435 2191 .
1492 2111 1672 2197 Perinde
1708 2114 1825 2225 quasi

411 2249 524 2303 nunc
544 2219 626 2304 hoc
645 2247 717 2302 nos
735 2216 1037 2329 susceperimus
1056 2222 1210 2329 negotii
1231 2278 1245 2320 ,
1277 2243 1324 2305 ut
1345 2221 1451 2332 quid
1464 2219 1728 2332 sequendum
1750 2225 1827 2322 stt,

412 2358 461 2416 ac
489 2331 717 2414 vitandum
738 2327 809 2412 hic
831 2327 1143 2426 statuamus,ac
1163 2359 1242 2411 non
1262 2337 1403 2442 potius
1423 2335 1678 2433 involutam,
1701 2333 1826 2419 abdi·

408 2464 591 2550 tamque
611 2444 700 2524 vim
721 2441 910 2552 gerundii
923 2460 1228 2550 ,naturamque
1248 2443 1579 2550 perscrutemur.
1611 2445 1743 2526 Aliud
1763 2444 1825 2526 est

389 2554 549 2651 cuim,
569 2579 668 2634 cum
688 2551 792 2663 quid
815 2552 911 2634 usus
928 2554 1085 2661 exigit,
1106 2557 1390 2662 perquiritur„
1401 2550 1541 2649 aliud,
1560 2578 1665 2635 cum
1682 2552 1826 2661 dispu-

412 2662 543 2744 tando
564 2664 719 2746 veritas
737 2662 824 2772 ipsa
838 2662 973 2745 veluti
992 2661 1368 2773 limatur:idquod
1391 2688 1497 2744 nuuc
1508 2667 1691 2771 agimus.
1704 2660 1823 2747 Natu

413 2771 617 2881 gerundia
643 2797 772 2882 quem
801 2776 842 2854 in
863 2775 1043 2858 modum
1066 2802 1120 2859 ex
1150 2773 1228 2857 usu
1255 2771 1479 2857 auctorum
1498 2774 1827 2874 construantur,

398 2909 510 2993 mox
527 2883 654 2991 paulo
665 2882 943 2994 capitulatim
963 2881 1408 2968 commonstrabimus.
1437 2882 1567 2967 Nunc
1587 2885 1692 2967 illud
1714 2883 1824 2968 mul·

409 3015 455 3076 to
466 2997 606 3102 magis
625 2992 765 3077 obiter
783 3022 865 3078 non
886 2995 1230 3080 dissimulandum
1252 2994 1393 3093 uobis,
1424 2993 1592 3079 Divum
1613 2994 1825 3096 Hierony·
1847 3038 1854 3047 «

405 3133 532 3187 mum
552 3123 720 3189 tantum
740 3105 866 3188 illum
887 3105 1123 3189 Dostorcm
1153 3135 1233 3188 uon
1253 3105 1548 3216 stnecxeinplo
1567 3106 1714 3190 dixisse
1735 3137 1745 3189 t
1775 3108 1823 3187 Iu

406 3215 662 3301 convertendo
684 3221 871 3299 Dominus
898 3220 1172 3320 captivitatem
1192 3220 1307 3311 Sion,
1323 3216 1438 3323 quod
1457 3219 1824 3312 est,converteute

407 3325 631 3409 Domino.
672 3325 775 3438 Quo
804 3325 961 3434 pariter
991 3324 1038 3407 dc
1058 3325 1348 3408 illustrissimus
1372 3321 1533 3405 Auctor
1555 3328 1827 3406 maximaer·

407 3439 515 3518 roris
546 3436 778 3542 suspicione
808 3456 1124 3544 perpurgatur,
1154 3434 1477 3517 &Laurentius
1506 3431 1827 3542 indeprecabilis

407 3548 666 3629 temeritatis
683 3542 1098 3651 couvidiueapparet
1118 3605 1126 3624 .
1158 3544 1227 3624 An
1242 3539 1333 3622 suit
1351 3541 1572 3638 credibile,
1605 3542 1827 3656 eruditissi-

407 3687 531 3742 mum
546 3653 688 3755 juxta,
718 3682 767 3737 ac
796 3652 1157 3761 diligentissimum
1176 3650 1459 3762 Scriptorum,
1490 3675 1632 3752 tauta,
1662 3678 1713 3736 ac
1733 3674 1824 3737 tam

408 3767 647 3875 multijugae
666 3763 855 3849 lediionis
874 3766 1046 3862 Virum,
1067 3765 1153 3848 tale
1181 3763 1310 3875 quid,
1342 3764 1491 3846 Graeca
1510 3762 1686 3846 fallente
1717 3762 1823 3873 figu-

410 3906 486 3973 ra,
516 3898 564 3959 ut
585 3876 658 3958 ille
687 3875 899 3971 oblatrat,
929 3882 1116 3983 primum
1135 3876 1329 3957 omnium
1351 3870 1493 3958 Marte
1524 3872 1600 3957 suo
1615 3870 1826 3959 confabri-

408 3984 557 4070 casse?¹
574 3985 691 4095 Quid
711 4012 809 4067 cum
828 3984 942 4066 idem
961 3985 1047 4092 ipse
1065 3985 1167 4069 alibi
1189 3985 1324 4066 dicit?
1343 3988 1389 4060 Iu
1408 3984 1659 4063 conveniendo
1674 3982 1826 4085 populo}

408 4105 450 4179 in
477 4125 617 4194 unum,
648 4092 694 4179 &
726 4100 773 4175 Iu
791 4092 1184 4288 deficiendugpiritum
1203 4122 1248 4176 ex
1267 4118 1359 4187 mr,
1383 4090 1430 4172 ὅ(
1453 4095 1497 4170 In
1524 4091 1741 4193 accipiendo
1767 4098 1820 4207 ip-

394 4208 486 4315 sum
505 4206 641 4318 stolam
655 4206 812 4314 gloriae,
842 4206 999 4315 quode
1053 4199 1397 4288 convenientibus
1419 4200 1609 4312 populis,
1626 4198 1823 4283 deficien-

407 4343 451 4404 te
469 4319 620 4430 spiritu
642 4378 653 4415 ,
675 4315 765 4427 ipso
783 4319 1044 4423 accipiente.
1079 4316 1146 4396 An
1165 4312 1475 4411 dubitandum,
1508 4340 1558 4393 ne
1585 4338 1664 4394 non
1694 4309 1821 4411 hujus

403 4458 572 4545 quoque
611 4429 838 4513 locutionis
875 4424 1125 4536 exemplum
1164 4421 1463 4508 oculatissimus
1490 4418 1655 4506 Douor
1702 4423 1820 4533 apud

403 4569 665 4652 quemquam
685 4535 975 4646 approbatum
995 4537 1241 4621 Latinitatis
1258 4533 1540 4620 architedium
1561 4534 1725 4644 uspiam
1745 4534 1820 4619 ob·

401 4654 658 4738 servaverit?
677 4647 970 4763 Qamquam
989 4676 1067 4757 ego
1086 4654 1154 4751 (ut
1175 4674 1324 4732 verum
1342 4645 1596 4747 fatear)hoc
1614 4648 1819 4758 posterius

403 4762 570 4847 dicendi
589 4790 738 4869 genus,
761 4761 952 4863 uterinis
972 4760 1169 4858 insoleus,
1189 4760 1377 4868 religioni
1400 4756 1521 4840 simul
1535 4758 1818 4855 ‚&vetustati

406 4873 729 4979 relinquendum
759 4869 933 4955 censeo.
972 4866 1097 4953 Nihil
1116 4870 1174 4954 est
1201 4874 1313 4955 euim
1345 4870 1549 4954 bonarum
1570 4868 1824 4968 litterarum¹

404 4980 642 5067 candidatis
662 4980 1055 5092 proponendumad
1070 4979 1357 5076 imitandum,
1374 4979 1490 5092 quod
1510 4979 1714 5089 praeclaro
1743 4976 1817 5059 ali·

396 5094 525 5198 cujus
542 5092 808 5215 receptisbuti
827 5090 1011 5212 audierit
1028 5093 1229 5208 exemplo
1248 5093 1511 5209 statuminari
1527 5119 1611 5185 uon
1631 5084 1775 5202 possit.
1810 5156 1812 5159 ,

474 5204 611 5319 Pds
1176 5217 1206 5310 1³
1652 5208 1749 5315 Re«,
1830 5215 1832 5220 ’
