4459 6750
488 917 576 981 ιη
805 870 861 980 Ρ.
932 873 1410 980 OVIDIUS

412 1017 570 1122 sumus
591 1010 770 1154 aliquid
798 1021 848 1112 in
876 1016 1048 1117 ovidio
1077 1016 1226 1115 dicere
1257 1014 1315 1114 de
1341 1007 1682 1113 Bartholomaeo
1713 1018 1819 1119 Me·

411 1155 539 1273 rula,
562 1148 669 1253 sciat
685 1160 845 1253 ledior
869 1160 920 1252 in
946 1154 1160 1255 Editione
1176 1144 1512 1253 Mediolanenfi
1538 1161 1651 1253 anni
1677 1194 1824 1277 1512.

411 1295 575 1396 Fastor.
599 1294 740 1393 ovid.
774 1292 942 1393 exstare
969 1290 1286 1393 Praefationem
1322 1285 1459 1428 ipfius
1485 1287 1820 1400 Bartholomaei

411 1433 471 1533 ad
483 1429 797 1534 Alexandrum
823 1426 1044 1548 fratrem,
1063 1469 1089 1528 a
1113 1468 1210 1569 quo
1229 1432 1287 1529 de
1311 1469 1366 1528 eo
1380 1425 1642 1531 Volumine
1660 1468 1822 1537 emen

413 1570 573 1675 dando
597 1604 780 1707 rogatus
801 1563 951 1669 suerat
964 1641 980 1687 ‚
1017 1567 1422 1706 quemadmodum
1444 1560 1673 1705 superiori
1693 1610 1820 1683 anno

414 1719 485 1839 Q
500 1716 718 1811 Curtium
751 1706 1097 1807 emendaverat.
1144 1707 1420 1807 Emendavit
1448 1712 1604 1845 itaque
1627 1706 1819 1853 elegam.

412 1842 637 1949 tissimum
669 1841 789 1945 illud
816 1879 1001 1947 carmen
1017 1844 1416 1963 Bartholomaeus,
1437 1859 1718 2083 &praterea
1739 1893 1818 1958 cu.

410 1993 561 2102 ravit,
588 2019 642 2091 ut
663 1989 861 2084 Antonii
889 1980 1122 2102 Fanensis,
1153 1980 1348 2082 &Pauli
1378 1988 1480 2081 Mar
1539 1992 1819 2131 interpreta-

408 2129 558 2225 tiones
598 2159 692 2227 una
739 2128 1113 2260 imprimerentur
1160 2160 1185 2219 a
1233 2114 1815 2273 solertiffimoBibliopola

411 2262 587 2376 joanne
617 2267 830 2363 Tacuino
856 2336 870 2356 ,Α
912 2265 1146 2361 Antonius
1191 2256 1398 2359 fanensis
1438 2272 1818 2375 Commentarios

409 2388 518 2495 suos
536 2431 771 2537 nuncupat
790 2398 1010 2499 Fridetico
1028 2405 1148 2498 Duci
1167 2395 1360 2515 Urbini,
1377 2397 1543 2500 Paulus
1563 2441 1683 2505 uero
1695 2418 1817 2513 Mar.

404 2528 484 2633 sus
507 2530 701 2635 Piscinas
712 2612 737 2653 ,.
755 2570 809 2634 ut
834 2532 925 2676 ipse
956 2532 1000 2635 se
1029 2572 1196 2651 vocat,
1234 2531 1400 2635 scilieet
1436 2578 1463 2636 a
1490 2535 1666 2643 Piscine
1691 2557 1817 2677 Mar.

407 2666 565 2772 sorum
590 2713 620 2771 o
653 2675 786 2810 pido,
809 2670 1027 2810 generoso
1048 2682 1209 2797 juveni
1234 2683 1436 2912 Georfiio
1454 2679 1684 2788 Cornelio
1694 2695 1819 2792 nur..

407 2817 454 2904 ci
475 2712 683 2909 Cornelii
710 2819 889 2946 Equitis
911 2808 1012 2908 filio
1038 2886 1054 2927 ,
1090 2809 1169 2910 his
1193 2851 1251 2912 ue
1283 2852 1358 2915 ver
1393 2822 1431 2916 is
1466 2810 1598 2925 suam
1636 2834 1819 2934 exordi-

408 2977 486 3057 tur
516 2946 769 3082 Epistola'm
801 2990 810 3040 :
847 2942 1080 3084 Postquam
1108 2850 1216 3051 mlle·
1255 2955 1457 3086 exlongo
1555 2958 1822 3091 egrinatione

411 3083 549 3183 redire
569 3085 741 3186 taudem
770 3113 846 3187 rua
865 3122 1026 3223 quoque
1046 3116 1154 3223 pace
1188 3125 1210 3188 e
1236 3088 1423 3193 Veneriis
1528 3198 1531 3203 ,
1589 3133 1662 3218 m,
1700 3113 1821 3213 unde

405 3219 596 3322 decennio
612 3252 711 3324 arte
729 3218 924 3362 offeram
939 3298 955 3342 ,
972 3226 1099 3327 velut
1125 3237 1168 3328 in
1182 3256 1389 3364 portum,
1403 3239 1461 3340 <r
1476 3260 1666 3371 pteram
1691 3255 1821 3381 quie,

403 3374 492 3459 tem
514 3361 669 3481 licuit,
701 3363 835 3464 retuli
853 3400 945 3482 me,
970 3369 1138 3498 Georgi
1159 3369 1364 3487 Corneli,
1383 3374 1442 3474 ad
1461 3409 1510 3476 ta
1523 3368 1675 3507 studia
1691 3457 1707 3501 ,
1722 3424 1818 3523 qun

404 3521 499 3594 tam
533 3499 654 3623 longo
690 3530 870 3630 tempore
909 3508 1252 3634 intermiseram,
1282 3546 1413 3645 quam
1444 3515 1618 3646 longor
1649 3537 1816 3656 patriis

395 3629 572 3762 sedibus
592 3628 843 3760 abfueram,
878 3637 1124 3774 traditaque
1139 3642 1307 3777 publice
1343 3686 1415 3750 nec
1431 3663 1627 3790 optanti,
1642 3695 1725 3765 nec
1745 3699 1814 3803 pe-

408 3776 518 3862 tenti
538 3766 652 3867 ,mibi
676 3765 908 3902 profitendi
926 3785 1155 3907 provincia
1167 3779 1291 3909 fuir.
1328 3788 1493 3892 Eidem
1515 3798 1687 3904 Marco
1703 3812 1813 3908 Cor.

408 3897 534 3999 nelio
553 3910 868 4007 Enarrationes
895 3903 993 4010 suas
1018 3921 1066 4013 in
1098 3912 1271 4022 librum
1301 3925 1356 4027 de
1382 3925 1614 4034 Tristibus
1637 3940 1810 4047 dicavit

403 4037 763 4144 Bartholomaeus
798 4047 1020 4170 Merula,
1053 4054 1248 4162 Labores
1279 4070 1502 4206 (inquit)
1535 4073 1708 4206 trulleos
1737 4116 1810 4190 ,tuo

260 4302 263 4306 y
400 4191 558 4283 nomini
580 4220 710 4318 quam
731 4184 992 4327 libentrffime
1011 4192 1227 4317 dicamus,
1250 4232 1300 4305 ut
1316 4210 1577 4318 Dialeuices
1595 4216 1809 4349 fitlebris,

399 4323 458 4423 (r,
481 4319 644 4453 aspersu
669 4322 840 4424 horrido
850 4327 1107 4459 fatigatus,
1144 4346 1496 4473 quemadmodum
1519 4355 1601 4453 alii
1636 4394 1726 4464 aut
1759 4364 1809 4468 tul

393 4458 534 4591 pilam
554 4457 631 4586 se,
658 4465 815 4564 autad
840 4468 1050 4585 calculos,
1075 4504 1151 4573 aut
1174 4478 1233 4576 ed
1258 4478 1427 4621 tesseras
1458 4490 1723 4621 conserunt,
1748 4500 1811 4631 fic

400 4622 452 4695 tu
470 4625 677 4730 tanquam
688 4595 911 4727 striatas,
933 4608 992 4703 ad
1019 4645 1188 4714 carmen
1214 4614 1356 4723 Poene
1374 4630 1591 4756 legendum
1611 4635 1810 4763 facilius

399 4735 594 4831 recedas.
631 4730 1085 4876 ClauditEpistolam
1124 4753 1275 4857 eidem
1309 4761 1551 4897 pollicitus,
1590 4767 1735 4884 brevi
1770 4779 1811 4886 se

400 4877 717 4971 Enarrationes
748 4870 846 4971 suas
877 4887 927 4977 in
959 4886 1187 4987 Ovidium
1224 4897 1282 4995 de
1311 4910 1455 5004 Ponto
1493 4910 1814 5030 emissurum.
1855 4975 1857 4988 ·

400 5019 483 5112 Eas
514 5006 668 5112 emisit
681 5085 698 5131 ,
733 5013 989 5155 dicavitque
1012 5026 1158 5129 eidem
1184 5039 1345 5137 Marco
1368 5054 1463 5167 jatn
1494 5047 1553 5152 ad
1579 5060 1812 5168 Cardina.

1612 5190 1748 5308 latus
