4459 6750
482 856 572 941 ιω
808 835 1388 943 ΈΥΝΟΡὸΙῶ

404 987 510 1064 Laus
528 973 758 1083 Calpburnis'
782 973 832 1079 ab
851 973 1056 1091 Augustino
1073 978 1241 1062 Morauo
1259 1034 1268 1055 .
1285 970 1484 1094 'Affertur
1501 965 1669 1083 Epistola
1691 977 1825 1084 Augu.

393 1090 484 1208 sini
501 1082 663 1173 Metabi
688 1114 738 1170 en
755 1085 891 1172 cadrrn
911 1087 1115 1174 Editionc.
1148 1092 1347 1172 Avantius
1365 1083 1554 1169 breuiores
1574 1081 1672 1165 alias
1688 1086 1729 1165 in
1748 1091 1828 1168 ca·

401 1192 542 1307 tullum
559 1193 840 1284 emendationes
862 1202 999 1282 Marco
1016 1198 1190 1284 Cornelio
1207 1216 1433 1304 nuncupat.
1462 1190 1647 1306 Ejusdem
1670 1198 1821 1294 Marci,

401 1310 446 1396 θ
463 1309 604 1412 Jacobs·
615 1304 764 1427 fratris
770 1305 903 1423 sludta
918 1362 934 1410 ,
952 1307 995 1393 θ
1016 1307 1196 1422 impensus
1213 1308 1263 1391 ab
1281 1307 1408 1393 torum
1418 1306 1582 1417 familia
1608 1301 1735 1388 literis
1754 1306 1824 1417 sa.-

402 1451 481 1506 uos.
494 1420 629 1505 Editio
646 1419 837 1502 Briniana
855 1417 1005 1502 Catulli
1019 1446 1106 1501 cum
1123 1421 1413 1502 Commentariis
1424 1419 1588 1498 Antonii
1606 1413 1819 1500 Parthenii

399 1528 1079 1642 Lacisiann01486.euulgata,ma
1101 1534 1142 1613 ni
1148 1526 1302 1635 quidem
1302 1523 1654 1645 facienda‚(tqua
1666 1533 1816 1610 ratione

400 1648 563 1730 omnium
575 1645 764 1748 princeps.
784 1638 962 1744 Aliquod
973 1639 1060 1750 ep‘us
1078 1667 1136 1723 em
1143 1638 1334 1747 exemplar
1348 1633 1512 1749 prefert
1520 1663 1667 1718 annum
1690 1635 1769 1739 148
1779 1665 1812 1742 ς.

402 1750 584 1869 Affertur
612 1777 657 1833 rx
682 1779 731 1835 ea
747 1748 887 1850 Jacobi
903 1754 1060 1835 Comitis
1080 1749 1246 1850 Juliarii
1264 1746 1324 1832 a'd
1340 1746 1603 1834 Parthenium
1620 1746 1792 1862 Epistola
1802 1808 1814 1848 ,

398 1888 485 1945 cum
498 1856 664 1966 quodam
670 1864 981 1968 Epigrammata.
1002 1857 1184 1978 Affertur
1201 1867 1295 1946 item
1304 1855 1471 1972 Epistola
1487 1854 1594 1966 ipstus
1604 1857 1816 1945 Parthenii

398 1969 459 2054 ad
463 1968 616 2070 Julium
627 1976 894 2078 Pomponium,
909 1974 1062 2079 pariter
1079 1997 1165 2054 cum
1175 1976 1486 2080 Epigrammatc.
1519 1964 1700 2085 Affertur
1718 1971 1816 2084 insu·

392 2102 465 2189 per
476 2077 684 2164 Parthenii
694 2079 908 2191 Prasatio.
923 2079 1104 2165 Tandem
1114 2080 1323 2167 Parthenii
1340 2078 1400 2163 ad
1406 2078 1607 2166 Lettoren
1622 2079 1813 2190 excusatio

396 2188 442 2271 ob
453 2188 680 2302 festinatam
699 2196 807 2274 nimis
826 2191 1097 2275 lucubrationis
1103 2192 1189 2305 sua
1198 2191 1422 2276 editionem.
1449 2192 1497 2271 ln
1513 2189 1700 2276 nonnullis
1718 2194 1814 2305 ejus·

396 2297 483 2381 dem
501 2304 697 2381 Briuiane
717 2298 909 2382 Editionis
923 2300 1192 2406 exemplaribus
1210 2302 1367 2388 Catullo
1389 2304 1568 2410 iungitur
1586 2308 1813 2409 Propertius

394 2434 483 2493 cum
499 2413 598 2492 notis
624 2407 743 2493 ualde
769 2409 912 2521 conciss
931 2416 1099 2495 Domitii
1126 2412 1369 2523 Veronenss,
1397 2418 1439 2493 in
1463 2408 1551 2493 aliis
1567 2439 1658 2496 ueto
1685 2416 1810 2498 ctiam

394 2515 570 2602 Tibullus
587 2528 674 2603 cunt
691 2524 790 2603 notis
800 2519 1038 2605 Bernardini
1052 2522 1239 2627 Cyllenii.
1268 2523 1395 2622 Hujus
1410 2524 1596 2607 monitum
1615 2520 1676 2606 ad
1689 2526 1812 2611 Ludi·

393 2628 583 2741 magistros
604 2691 613 2709 .
642 2635 690 2712 In
711 2634 860 2714 Veneta
877 2630 1060 2716 Editiont
1079 2691 1091 2731 ,
1109 2632 1158 2715 dc
1177 2661 1256 2737 qua
1262 2636 1411 2744 supra,
1430 2627 1574 2742 adsunt
1593 2637 1807 2721 Beruardi·

393 2741 436 2819 ni
454 2758 576 2833 nota,
605 2760 651 2822 at
669 2737 805 2849 desunt
823 2762 926 2825 nota
946 2747 1144 2840 Domitii,
1172 2746 1277 2842 cujus
1293 2744 1413 2828 locum
1433 2765 1591 2849 occupat
1611 2743 1808 2855 Philippus

394 2844 637 2927 Beroaldus.
671 2847 827 2958 Adsunt
856 2855 895 2930 in
911 2849 1046 2934 eadem
1065 2857 1340 2938 commentarii
1366 2859 1406 2936 in
1423 2851 1626 2940 Catullum
1644 2858 1808 2942 Paladii

392 2951 516 3151 Pyd
539 2951 601 3036 ad
614 2957 876 3040 Laurentium
895 2960 1195 3069 Bragadenum,
1215 2992 1304 3069 quos
1320 2967 1487 3050 omnlum
1503 2968 1652 3070 primos
1673 2969 1721 3050 lt't'
1732 2972 1807 3052 Cn·

392 3083 439 3150 tu
454 3064 533 3152 lum
550 3061 671 3152 editos
679 3063 796 3183 suist
812 3070 964 3156 minime
980 3070 1148 3185 constat.
1691 3106 1694 3111 ·
1775 3104 1778 3109 ·

824 3288 1363 3383 HORATIUS.
1487 3326 1490 3331 ·

445 3515 600 3595 Veteres
619 3519 778 3599 Horatii
796 3521 1029 3622 interpretes
1048 3528 1184 3622 Acro,
1214 3519 1258 3606 (r
1277 3522 1514 3632 Porphyrio.
1542 3533 1692 3630 AEtat,
1722 3559 1805 3635 qua

386 3623 768 3733 vixerunt,incerta.
798 3633 945 3737 Horum
956 3633 1243 3714 Commentario
1259 3633 1390 3741 misere
1407 3639 1659 3748 interpolata.
1689 3644 1805 3724 Ban-

385 3727 496 3807 dinus
514 3733 619 3811 inter
638 3738 858 3820 recentiores
876 3736 1080 3843 retusior.
1109 3742 1328 3830 Laudatur
1345 3775 1374 3830 a
1391 3747 1610 3839 Politiaro·
1636 3749 1725 3861 Posl
1743 3757 1803 3859 ip·

372 3834 464 3949 sum
477 3837 733 3926 Mancinrllus
740 3903 755 3945 ,
776 3843 820 3928 θ
838 3845 1004 3930 Badius.
1034 3855 1101 3935 Dc
1122 3852 1248 3939 Badio
1260 3854 1450 3957 judicium
1468 3861 1624 3976 Brasmi
1642 3922 1652 3943 .
1672 3860 1800 3961 Joan·

380 3974 444 4030 nes
481 3951 730 4038 Britannicus
757 3958 965 4044 Brixianus
995 3958 1138 4066 eosdem
1152 3964 1432 4098 subsequitur.
1473 3972 1573 4073 Ejus
1588 3967 1798 4079 equiem,

378 4056 422 4141 θ
442 4058 551 4145 mode
577 4066 619 4145 ia
647 4070 687 4147 in
704 4063 914 4153 laudandis
935 4072 1037 4153 Viris
1055 4069 1176 4157 dolius
1192 4082 1259 4186 sui
1275 4085 1475 4187 temporis,
1502 4090 1665 4191 quorum
1679 4099 1797 4171 'cata-

375 4171 498 4302 logum
526 4180 625 4255 texit
653 4180 693 4255 in
714 4174 880 4290 eptpota
904 4184 1236 4289 Nuncupatoria.
1267 4188 1450 4311 Affertur
1468 4222 1526 4281 ea
1554 4193 1722 4310 Epislola
1749 4226 1795 4283 en

373 4279 560 4362 Edrtcone
577 4289 770 4371 Brixiana
796 4314 861 4371 an.
885 4314 1006 4392 1520.
1019 4300 1240 4383 Britannici
1266 4303 1306 4383 in
1323 4296 1534 4389 Horatium
1552 4311 1792 4392 Commenta·

373 4392 425 4470 rii
441 4389 550 4472 nulla
571 4401 711 4479 mentio
738 4425 817 4484 nec·
832 4402 943 4508 apud
956 4403 1203 4508 Fabricium,
1227 4418 1354 4496 necin
1373 4415 1588 4502 Annalibus
1599 4422 1790 4526 Typogra·

364 4494 488 4606 pbicis
505 4553 517 4578 .
537 4503 775 4626 ‘Vincentius
786 4510 969 4609 Medius,
988 4519 1194 4602 Brixianus
1203 4577 1217 4619 ,
1235 4528 1395 4608 Horatii
1411 4532 1611 4612 Poeticam
1628 4529 1789 4646 illustra·

367 4613 458 4692 nit.
490 4609 588 4707 Ejus
609 4616 802 4729 Prafa‘tio
821 4622 1018 4740 affertur.
1050 4625 1212 4712 Madius
1232 4632 1425 4723 laudatur
1446 4667 1476 4722 a
1494 4643 1523 4721 S
1525 4641 1667 4747 igonio.

841 4804 1293 4963 outonis,

409 5053 669 5175 calphurnius
697 5064 911 5152 Brinianus
932 5067 1122 5178 Venetam
1153 5076 1289 5165 Ouidii
1314 5079 1539 5171 Editionsm
1569 5121 1637 5178 an.
1656 5115 1780 5288 3474.

1600 5227 1657 5312 pu
1679 5208 1726 5293 li·
