4459 6750
478 954 566 1053 338
817 931 1381 1038 SYNOPSIS.

393 1079 587 1184 feruntur
614 1075 797 1161 nonnulla
815 1074 874 1156 ad
887 1102 945 1155 eos
964 1078 1289 1184 Epigrammata,
1320 1099 1479 1189 quorum
1497 1102 1569 1157 uon
1587 1067 1704 1154 aliod
1720 1066 1813 1179 fere

401 1212 671 1302 argumentum
693 1263 695 1266 ,
716 1217 833 1294 quant
850 1188 1059 1295 esuritionis
1078 1195 1162 1300 suae
1179 1194 1414 1293 querimonia
1430 1228 1445 1273 ,1
1472 1191 1681 1270 Recitator
1699 1176 1820 1264 aliud

403 1308 677 1414 Epigramma,
709 1303 826 1384 valde
846 1321 1050 1407 sacceum,
1078 1300 1138 1380 ael
1164 1302 1413 1385 Guillelmom
1434 1302 1653 1409 Episcopum
1675 1291 1816 1404 Matis-

401 1424 618 1526 conensem.
654 1423 749 1498 Item
770 1409 1022 1518 Epitaphium
1051 1412 1275 1496 Cardinalis
1297 1414 1515 1508 aleatori,
1541 1412 1609 1491 tte'c
1626 1435 1703 1494 nort
1728 1408 1818 1509 Epi·

403 1529 579 1636 taphium
598 1527 821 1609 Cardinalis
843 1527 1006 1623 Paccii,
1026 1524 1067 1607 (t
1079 1529 1380 1636 Epigrammata
1397 1524 1455 1604 ad
1472 1520 1701 1603 cardinales
1713 1522 1818 1597 Far·

402 1639 571 1751 nestum·q
603 1639 805 1734 Bernhetm,
837 1641 1023 1734 Scotum,
1053 1642 1328 1746 Campegium.
1367 1638 1494 1718 Plura
1522 1643 1643 1717 etiam
1663 1626 1816 1744 sdrt'pfit

402 1759 703 1860 Epigrammata
722 1750 927 1833 adPoetas
946 1752 1013 1859 sur
1039 1760 1248 1856 temporis,
1278 1781 1366 1857 quos
1394 1748 1585 1832 ebat-iores
1615 1741 1817 1825 babebat.

404 1862 832 1980 Affffl'lbnblbr'qlldtuor·
853 1889 899 1944 ex
927 1858 1029 1967 bpstbys
1057 1861 1100 1944 θ
1121 1892 1236 1944 unum
1261 1886 1489 1970 praebb’l'l'a3
1516 1890 1589 1965 'qllo
1618 1858 1740 1964 phium
1771 1878 1818 1936 ex

402 1982 531 2061 amieis
552 1981 632 2090 suit
661 1977 722 2057 ad
734 1972 1008 2057 celebrandum
1031 1972 1133 2057 diem
1152 1981 1316 2058 Natalis
1335 1984 1400 2088 sui
1426 1978 1650 2054 invitavit.
1691 1974 1815 2080 Lusus

404 2088 590 2174 liberiores
606 2143 620 2176 t
649 2091 692 2172 (t
708 2088 803 2190 sales
826 2113 965 2191 patum
984 2085 1140 2193 religiob
1156 2086 1288 2171 Sabao
1316 2085 1527 2193 aliquando
1555 2083 1788 2190 placuerunt
1807 2135 1818 2158 .

405 2197 619 2312 Scripserat
638 2227 719 2308 tres
743 2199 852 2283 libros
880 2200 928 2279 dc
948 2198 1173 2298 Antoribut,
1201 2228 1292 2305 quos
1312 2199 1383 2311 fibi
1399 2196 1596 2311 surreptor
1622 2195 1819 2297 conqueri·

401 2335 473 2399 tur
492 2311 832 2431 hendecasyllabis,
853 2315 920 2416 qui
938 2316 1175 2392 recitantur.
1206 2310 1335 2394 Plura
1354 2316 1654 2419 Epigrammata
1668 2301 1830 2399 Aretho-¹

406 2425 511 2533 logia
533 2431 681 2506 Grata
700 2429 853 2505 Latina
864 2419 963 2531 fecit
988 2481 996 2497 .
1025 2420 1350 2520 Libellut,Pibta
1372 2422 1488 2534 Poefis
1512 2418 1729 2510 Ot'tidiana,
1760 2423 1816 2496 in·

397 2535 587 2650 scriptus,
618 2534 759 2651 constat
779 2562 919 2641 magna
935 2562 980 2617 ex
1007 2557 1127 2640 parte
1137 2540 1171 2614 F
1173 2534 1402 2642 ausliSahaei
1428 2532 1679 2619 carminibus.
1710 2527 1817 2632 Tele

409 2644 598 2761 Jul.Cas
609 2643 961 2755 Scaligero,Sabai
970 2644 1150 2755 facilitas
1158 2644 1326 2757 seeundo
1341 2649 1478 2758 plausu
1489 2642 1698 2754 ,dom-ipse
1716 2647 1821 2722 trice·

408 2781 493 2845 ret„
521 2784 679 2866 excepta
694 2757 807 2874 suit.
843 2753 1027 2871 Affertur
1044 2758 1289 2868 tetrasliobon
1306 2759 1357 2845 de
1377 2767 1434 2842 M.
1453 2760 1648 2858 Jooeueio
1665 2756 1819 2860 Talpa.

408 2873 507 2968 Ejus
525 2877 797 2978 interpretatio
815 2873 876 2950 ad
887 2870 1041 2951 hedera
1053 2870 1234 2981 fabulam
1251 2871 1473 2982 allegatur,
1504 2873 1546 2952 (t
1567 2874 1762 2951 recitatur
1782 2874 1818 2944 iu

409 2980 732 3062 Adnotationibus
758 2983 819 3062 ad
844 2987 975 3085 Opera
1004 2988 1160 3062 Gartia
1179 2983 1305 3098 Laffl.
1360 2989 1545 3090 Sumptus
1571 2980 1633 3061 'ad
1655 2977 1822 3060 nitidam

410 3090 630 3172 Ediciottem
661 3087 974 3282 lisputationum
994 3091 1156 3173 Arnobii
1181 3093 1230 3176 de
1258 3093 1329 3211 suo
1357 3095 1627 3210 suppeditavit
1652 3120 1671 3190 ς
1699 3086 1820 3195 quare

406 3201 530 3286 oalae'
552 3208 678 3284 miran
708 3229 772 3281 arn
799 3229 891 3298 ‚ea
914 3201 1074 3316 pressum
1096 3201 1211 3322 surse
1238 3205 1428 3320 egestate,
1457 3234 1575 3313 quaen
1602 3209 1750 3317 usque,
1780 3203 1818 3285 6

405 3314 520 3429 usque
537 3313 619 3423 suis
647 3320 687 3396 in
714 3311 943 3398 carminibus
970 3314 1180 3422 deplorat
1655 3362 1659 3367 ·
1714 3326 1717 3332 ’

646 3493 1581 3645 Jov1T-nttottc'ttus.

460 3763 726 3867 Paraphrafin
754 3764 954 3838 metricam
973 3766 1013 3840 in
1032 3764 1178 3870 aliquos
1200 3762 1591 3872 DauidicosPsalmot
1618 3771 1808 3885 eonsecit,

410 3900 458 3955 ae
476 3873 684 3955 Cardinali
700 3867 913 3975 Reginalclo
926 3872 1017 3955 Polo
1036 3883 1294 3982 nuncupavit.
1328 3886 1420 3963 Duo
1439 3909 1485 3964 ets
1502 3911 1551 3966 ea
1571 3880 1720 3995 Psalmi
1748 3914 1802 3969 re·

402 3994 613 4082 citantur,
640 3982 936 4097 subdanturque
959 3986 1164 4071 eorundem
1184 3984 1423 4102 Psaltstotom
1454 3999 1511 4074 M.
1529 4004 1694 4080 Antonii
1712 3998 1772 4081 Fl
1796 4045 1814 4060 ··

403 4101 533 4184 minii,
563 4096 605 4180 (t
625 4101 779 4205 Georgii
790 4094 1023 4179 Ruebanani
1047 4097 1306 4214 Paraphraset
1326 4166 1334 4181 .
1366 4103 1606 4189 flaminium
1622 4167 1634 4203 ,
1652 4132 1697 4193 ut
1711 4110 1801 4196 Polo

395 4207 713 4317 gratificaretur,
733 4209 850 4325 suant
860 4210 1125 4315 Pataphrafin
1141 4211 1367 4329 elaborasse,
1387 4216 1523 4331 scribit
1546 4217 1737 4304 Ybuanus
1767 4228 1821 4306 in·

401 4318 592 4432 Historiis,
620 4346 666 4404 at
696 4351 740 4404 ex
762 4320 924 4432 Epislola
952 4321 1059 4429 ipfius
1078 4324 1267 4406 Flaminii
1294 4333 1331 4408 ei
1354 4327 1590 4437 Parapbrafi
1613 4330 1800 4450 praecisa

290 4477 292 4481 >
401 4433 519 4516 aliter
542 4433 797 4531 judicando-m
815 4430 973 4517 videtur
1024 4440 1161 4522 Facile
1180 4437 1426 4556 credipotest,
1444 4448 1649 4552 Rapier'um
1672 4456 1798 4554 potius

403 4542 462 4625 ad
485 4542 533 4624 id
543 4552 660 4651 operis
677 4553 887 4630 excitatum
907 4536 1021 4663 saise
1040 4580 1066 4629 a
1082 4549 1194 4632 Polo.
1214 4578 1325 4653 quem
1345 4579 1477 4637 tameo
1494 4581 1642 4638 eertum
1661 4559 1712 4673 esl
1730 4589 1795 4643 au·

400 4655 542 4737 blotent
563 4656 700 4773 scisse,
730 4679 775 4740 ut
802 4657 887 4739 alia
906 4659 1094 4741 Flaminii
1111 4666 1151 4742 itt
1173 4661 1341 4765 Psalntos
1359 4666 1631 4777 Paraphrafit,
1659 4670 1814 4787 prosai-⁴

402 4795 451 4848 ca
478 4771 688 4867 nimirum,
717 4776 755 4850 in
775 4768 909 4879 vulgus
925 4771 1135 4855 ederetur.
1195 4778 1404 4859 Metrieam
1432 4784 1473 4860 t’n
1496 4780 1663 4891 Psalmot
1680 4793 1806 4867 Para·

397 4877 555 4989 pbrasn
578 4886 731 4988 pariter
757 4878 955 4988 composuit
988 4883 1277 4999 P.Franciscus
1305 4889 1489 4996 Spinula.
1518 4892 1804 5005 Mediolanenfit

401 4995 556 5095 utique,
575 5022 648 5081 non
665 4997 896 5089 Brixianus,
927 5015 970 5075 ut
989 4994 1113 5100 aliqui
1139 5024 1336 5101 perperam
1358 4999 1640 5090 tradiderunt.
1673 5014 1742 5094 De
1769 5037 1806 5093 eo

400 5095 561 5222 inseritis
578 5168 587 5186 .
607 5103 615 5211 'y
646 5110 800 5213 Rapieii
826 5109 866 5185 in
888 5111 1047 5187 Poetica
1075 5105 1270 5215 disciplina
1296 5112 1553 5225 presentiam
1575 5119 1735 5234 testatus
1763 5118 1806 5235 es

401 5210 571 5297 Thomas
586 5220 721 5318 Jonta
738 5223 778 5299 in
799 5214 981 5301 Editione
1002 5222 1174 5326 Operum
1187 5222 1336 5329 Virgilii
1363 5255 1463 5313 anno
1486 5252 1592 5337 1552
1627 5244 1749 5337 petam
1773 5234 1820 5317 θ’·

397 5335 655 5432 ntucapaoit.
1666 5342 1682 5449 l
1707 5353 1760 5433 A·
