4459 6750
493 905 564 981 ur
774 882 852 985 M.
907 870 1498 1017 “VALERIUS

427 1019 581 1144 Jacobi
602 1014 794 1123 fratrem
828 1092 844 1146 ,
880 1033 930 1124 in
966 1044 1058 1165 qua
1094 1021 1309 1126 Cornelia
1347 1020 1520 1124 domu&
1551 1042 1742 1162 magno
1803 1050 1849 1129 it

423 1164 803 1284 commendatur,
839 1148 1081 1308 presertim
1101 1166 1230 1307 quod
1254 1160 1325 1263 illi
1353 1154 1576 1303 peculiare
1596 1158 1655 1263 fit
1670 1240 1690 1285 ,
1757 1172 1846 1291 es,

420 1305 670 1450 noctesque
702 1319 753 1408 in
776 1305 1013 1410 literatum
1033 1308 1199 1407 studiis
1223 1302 1408 1405 sum-ma
1430 1328 1541 1405 cum
1565 1300 1715 1407 laude
1743 1346 1846 1409 ver-

422 1447 615 1571 sati,·ac
636 1456 755 1549 viros
777 1447 940 1577 doctor
959 1443 1114 1546 fovere
1141 1487 1153 1554 3
1191 1446 1597 1587 quemadmodum
1622 1482 1685 1547 eo
1720 1470 1842 1549 tem-

421 1628 533 1728 pote
549 1576 735 1691 fovebat
744 1572 978 1687 'Nutliurn
991 1574 1269 1727 Timideu'rn
1293 1580 1638 1730 veronensem,
1659 1610 1718 1687 ae
1735 1578 1837 1689 bar-

423 1716 731 1830 tholomaeum
743 1718 1003 1829 Merulam.
1024 1732 1226 1847 loannes
1244 1726 1306 1827 de
1330 1724 1554 1845 Tridi-no,
1579 1740 1834 1868 cognomi-

420 1898 556 1968 natus
571 1868 823 1987 Tacuinus,
839 1865 1179 2008 Typogtaphia
1203 1867 1328 2006 apud
1360 1877 1563 1969 Venetos
1584 1888 1707 1967 curn
1734 1867 1835 1970 tau

412 2007 477 2105 de
502 2002 843 2108 incumbebat.
878 2003 1079 2108 Nurfius
1095 2082 1110 2125 ,
1127 2030 1274 2145 quem
1293 2002 1612 2106 Veronensem
1637 2005 1835 2107 Phoeni-

417 2184 521 2244 cem
555 2136 751 2286 appellat
772 2151 1002 2250 Avantius
1032 2155 1083 2246 in
1108 2156 1142 2244 E
1178 2144 1247 2244 ill.
1270 2140 1349 2243 illa
1381 2147 1439 2244 ad
1468 2152 1692 2291 Marcum
1717 2159 1830 2289 Cor-¹

415 2282 626 2404 neliunt,
647 2316 852 2424 acceptus
875 2281 1114 2425 presertim
1147 2183 1239 2384 luit
1256 2292 1448 2420 Regina
1464 2291 1610 2424 Cypri
1637 2294 1832 2428 Georgii

409 2421 625 2524 Comelii
650 2420 826 2545 sorori,
864 2458 914 2523 ae
937 2426 1130 2567 ¹proinde
1156 2419 1349 2542 Jacobi,
1386 2439 1432 2522 &
1461 2430 1610 2524 Marci
1648 2439 1832 2549 amitat,

413 2562 538 2702 apud
561 2594 704 2705 quam
728 2554 1013 2685 versabatur,
1039 2557 1367 2704 consenuitque
1386 2571 1439 2662 in
1457 2559 1637 2663 adibus
1653 2572 1831 2669 Gorne-

410 2693 527 2821 liis,
560 2700 673 2802 teste
696 2704 865 2802 eodem
889 2706 962 2821 Jo.
987 2708 1202 2804 Tacuino
1237 2711 1288 2802 in
1326 2713 1360 2801 E
1396 2702 1465 2802 ist.
1493 2706 1721 2848 Nunc'up.
1748 2704 1831 2810 la-

415 2849 555 2939 &ant
566 2842 626 2938 ad
641 2838 937 2939 Cardinalem
949 2839 1253 2943 Cornelium.
1268 2849 1352 2942 De
1365 2740 1712 2948 bartholomaeo
1730 2857 1831 2950 Me-

408 2974 511 3075 rula
536 2979 745 3077 dicemus
774 2973 895 3079 infra
922 2981 978 3078 ad
1007 2980 1259 3082 Ovidium.

483 3120 726 3254 Qoniarn
755 3154 861 3218 veto
898 3133 945 3218 δε
973 3115 1057 3261 ipsi
1083 3118 1264 3221 litudlti
1288 3117 1568 3251 veronenses
1586 3121 1829 3249 fatentur,

409 3262 670 3357 Brixianam
697 3254 981 3359 literaturam
1015 3255 1134 3360 bene
1168 3254 1226 3361 de
1259 3248 1448 3361 Catullo
1476 3272 1678 3404 ,pretet
1705 3267 1826 3368 Cal-

439 3393 688 3494 hutnianas
705 3401 1071 3535 CastigationeS,
1101 3411 1316 3500 meritam
1349 3387 1480 3536 fullle
1503 3406 1725 3507 Editione
1765 3407 1822 3508 il-

405 3434 482 3650 la,
517 3565 619 3668 quae
645 3531 802 3628 Btiriae
823 3536 1036 3672 evulgata
1063 3538 1154 3637 fuit
1177 3577 1251 3636 an.
1282 3559 1459 3662 1486„
1482 3569 1684 3684 qunque
1724 3577 1816 3649 non

406 3679 628 3766 omnium
650 3668 870 3805 quidem,
890 3711 943 3772 ut
959 3680 1027 3792 Jo.
1044 3673 1154 3808 Alb.
1170 3675 1396 3779 Fabricius
1417 3685 1467 3782 ln
1484 3669 1708 3787 Bibliotlr.
1722 3673 1812 3789 lat.

409 3797 468 3903 ali
504 3801 658 3904 uando
689 3805 1002 3935 existimavit,
1035 3812 1108 3915 sed
1136 3839 1295 3916 earum
1325 3830 1562 3964 princeps,
1589 3851 1702 3968 que
1728 3835 1813 3929 Ca-

406 3837 599 4044 tulliana
621 3945 833 4048 poemata
856 3951 1004 4052 doctis
1019 3967 1385 4060 Commentariis
1406 3960 1464 4061 ab
1479 3969 1808 4069 Antonione·
1861 4017 1863 4036 ⁴

402 4080 565 4185 rhenio
585 4082 752 4186 Lacisro
771 4089 1023 4191 Veronensi
1051 4092 1288 4199 elaboratis
1312 4103 1619 4226 adjunxerunt
1646 4184 1663 4227 ,
1693 4106 1811 4211 nihil

405 4221 612 4322 alienum
633 4223 694 4323 ab
713 4261 990 4364 argumento
1021 4265 1128 4335 tneo
1164 4220 1311 4339 facere
1334 4241 1552 4365 videbor,
1590 4242 1625 4345 sr
1663 4246 1809 4348 allatis¹

404 4367 454 4460 in
480 4365 694 4465 medium
725 4401 778 4467 er
802 4403 853 4471 ea
877 4367 1090 4476 Editiune
1116 4375 1491 4507 Prafationibus,
1520 4381 1596 4486 seu
1625 4381 1806 4526 Episto

402 4499 458 4597 lls
487 4505 718 4624 eandem,
754 4539 846 4647 qua
876 4509 994 4612 olim
1030 4507 1296 4620 Hafniensrs
1329 4519 1611 4629 Bibliotheca
1654 4527 1804 4630 Nobis

400 4630 559 4739 liffimi
589 4654 692 4745 Viti
716 4645 901 4747 Nicolai
938 4659 1196 4777 Benzonis,
1223 4663 1332 4763 teste
1364 4663 1528 4767 eodem
1558 4663 1805 4789 Fabricio,

375 4774 708 4916 gloriabatur,
741 4797 971 4889 notiorem
989 4789 1254 4900 Ledotibus
1277 4804 1493 4908 reddam.
1530 4807 1595 4907 Ea
1621 4837 1805 4910 annum

394 4911 612 5157 §saefern
645 4962 701 5027 ut
730 4962 893 5028 omnes
923 4931 983 5029 de
1019 4926 1070 5034 ea
1112 4936 1350 5081 loquentes
1388 4951 1620 5065 tradunt,
1661 4969 1804 5068 1486.

445 5069 474 5160 Ι.
487 5055 589 5164 Kal.
604 5070 783 5197 Maja33
822 5077 976 5171 unum
993 5105 1148 5180 tamen
1166 5082 1433 5224 exemplum
1459 5085 1553 5189 vidi
1578 5113 1703 5188 tum
1733 5129 1807 5196 no

1693 5268 1738 5329 ta
