4459 6750
438 916 549 1031 ,4ο
692 1026 697 1035 ,
759 891 1466 1033 GRAMMATICA:

412 1097 415 1104 -
656 1063 661 1071 “
893 1083 895 1086 ·
928 1045 999 1128 Eri
1027 1045 1088 1129 lib.
1118 1048 1169 1126 ὀμ
1187 1073 1219 1130 c.
1241 1064 1307 1126 tr.
1734 1082 1744 1091 ··

408 1227 415 1239 .
460 1148 554 1236 :His
572 1174 674 1266 ergo
700 1152 762 1238 ita
792 1150 1030 1240 constitutis
1058 1180 1154 1266 quae
1180 1175 1366 1251 natura,
1394 1160 1572 1257 quaque
1598 1139 1708 1230 ratio
1737 1132 1837 1253 ipsa

409 1263 737 1375 participiorum
756 1266 885 1367 tulit,
914 1268 1109 1378 deinceps
1137 1260 1482 1367 exaudior'itate,
1502 1250 1834 1382 usuque‚proce7

407 1399 507 1457 rum
529 1375 775 1476 latinitatis,
805 1391 992 1484 quatuor
1010 1378 1215 1459 tutissima
1234 1371 1349 1482 quasi
1368 1367 1508 1466 asyla,
1540 1363 1652 1449 mihi
1673 1362 1827 1464 studio-¹

408 1483 498 1587 sos,
526 1509 613 1599 quo
632 1483 874 1600 perfugiant
894 1541 909 1585 ,
969 1486 1105 1569 uoties
1124 1505 1347 1594 germanus
1366 1474 1556 1583 ipsorum
1574 1472 1675 1560 usus
1702 1473 1824 1562 mini·

407 1621 480 1681 me
491 1596 779 1698 succurrerit,
797 1511 1047 1682 docenium
1063 1593 1123 1680 est
1142 1657 1151 1677 .
1185 1589 1252 1678 Ac
1272 1590 1462 1702 primum
1480 1606 1573 1671 'non
1602 1584 1713 1672 inihi
1732 1613 1821 1672 am·
1847 1653 1850 1660 .

426 1707 517 1792 'lius
535 1726 762 1792 vereantur
780 1709 1015 1821 participiis
1035 1709 1078 1810 in
1094 1734 1188 1806 ans,
1207 1703 1277 1788 vel
1294 1699 1432 1786 eride
1446 1701 1666 1808 praeterito
1683 1694 1821 1812 perfe-

403 1735 496 1916 ho,
525 1816 687 1901 ubiubi
706 1847 819 1933 opus
848 1818 1015 1921 fuerit,
1040 1819 1255 1905 arbitratu
1275 1813 1356 1898 suo
1383 1808 1555 1895 ufitari.
1591 1811 1643 1895 ln
1661 1835 1748 1920 quo
1769 1804 1820 1889 si·

400 1928 497 2012 mul
526 1928 661 2012 etiarn
690 1954 715 2013 a
748 1951 870 2044 paret
899 1933 1150 2017 nostratium
1171 1925 1569 2014 Grammaticorum
1597 1919 1817 2041 socordia,

399 2041 475 2150 qui
505 2037 610 2123 dum
630 1958 833 2130 Priiliani
862 2043 1147 2156 sapientiam,
1176 2036 1397 2127 Laurentii
1427 2057 1606 2119 acumen
1633 2031 1816 2115 attoniti

395 2148 654 2262 suspiciunt,
665 2150 769 2237 nihil
788 2175 991 2266 praterea
1008 2153 1283 2266 quarendum
1303 2166 1477 2258 putant.
1510 2142 1690 2231 Perinde
1710 2167 1812 2262 qua:

398 2258 429 2344 si
459 2280 536 2342 aut
554 2259 656 2346 huic
675 2265 757 2348 arti
777 2267 1057 2377 colophonem
1076 2262 1163 2377 ‚ipsi
1182 2260 1461 2370 imposuerint
1479 2315 1493 2358 ,
1523 2274 1600 2340 aut
1628 2257 1816 2364 ignorari

396 2367 558 2453 necesse
577 2369 629 2453 fit
647 2375 853 2487 quicquid
872 2378 934 2462 illi
955 2405 1036 2463 non
1055 2373 1339 2462 tradiderint.
1369 2368 1413 2453 Ο
1433 2367 1602 2479 stupida
1621 2357 1815 2475 pediora!

274 2569 280 2586 q
393 2476 557 2591 Neque
576 2499 722 2567 tamen
739 2485 857 2574 clam
878 2489 1055 2593 meest,
1074 2484 1370 2573 Laurentium
1398 2477 1589 2565 nonnihil
1619 2494 1719 2561 ante
1748 2499 1821 2558 me

399 2590 557 2674 dehoc
585 2597 845 2708 praecepi'sse‚
875 2598 1026 2686 ¹sedita
1055 2617 1106 2686 ut
1137 2625 1212 2713 per
1229 2592 1452 2708 caliginem
1471 2590 1654 2676 intuitus
1672 2587 1817 2671 locum

395 2699 616 2784 videatur.
646 2703 749 2817 Qua
770 2730 945 2820 propter
963 2710 1130 2820 fontem
1148 2709 1342 2810 veritatis
1368 2704 1460 2807 jam
1479 2701 1608 2788 latius
1627 2698 1701 2810 ipsi
1720 2723 1819 2807 ape·

394 2811 586 2890 tianius.
618 2810 752 2924 Quod
773 2820 878 2905 dum
899 2820 1105 2926 facimus,
1134 2821 1370 2917 neminem,
1399 2814 1609 2914 obsecro,
1638 2813 1814 2924 pigeat,

390 2917 618 3020 universa,
644 2946 741 3031 quae
761 2926 1104 3044 subscripsimus,
1133 2929 1331 3043 exempla
1351 2940 1625 3041 percurrere.

442 3084 808 3190 'Tradationem
824 3096 1167 3198 rde<Geiundiis
1196 3091 1463 3233 aggreditur
1481 3092 1720 3188 Saturnius
1746 3083 1803 3185 li-

380 3213 473 3317 'bro
494 3214 712 3359 septimo,
748 3238 877 3356 cujus
899 3233 1226 3361 hujuscemodi
1253 3233 1319 3332 est
1335 3237 1559 3329 initium:

436 3383 441 3393 '
912 3375 977 3461 Ex
1007 3375 1071 3462 lib.
1107 3403 1143 3478 7.
1171 3402 1204 3459 c.
1238 3396 1275 3456 1.
1374 3457 1376 3464 .

439 3468 559 3557 Rem
578 3484 894 3569 controversam
912 3487 1157 3604 aggredior,
1185 3484 1232 3568 δε
1253 3483 1422 3594 plenam
1435 3470 1715 3583 dissensionis,
1736 3482 1805 3565 vel

376 3608 484 3707 ‚rum
503 3581 673 3692 Superis
695 3590 808 3705 bene
826 3584 1068 3678 faventibus
1098 3623 1175 3707 per
1194 3620 1268 3679 nos
1288 3596 1464 3679 tandem
1482 3592 1713 3704 aliquando
1743 3593 1802 3676 di·

379 3690 686 3815 judicandam.
710 3696 873 3811 Neque
891 3705 1003 3787 enim
1023 3734 1096 3790 nos
1126 3704 1171 3790 hi
1200 3705 1379 3808 sumus,
1406 3703 1592 3818 quorum
1618 3724 1796 3815 vagetur

364 3819 547 3932 ¹'animus
565 3827 730 3935 errore,
759 3812 918 3923 quique
945 3814 1174 3902 certissnihil
1202 3814 1436 3902 habeamus
1463 3874 1476 3916 ,
1504 3816 1623 3927 quod
1652 3816 1796 3926 sequa·

370 3928 507 3993 mur.
544 3910 723 4041 illuxit,
744 3920 892 4008 illuxit
911 3929 1086 4013 tandem
1104 3928 1223 4013 nobis
1252 3929 1409 4014 veritas
1428 3927 1518 4011 haec
1539 3928 1669 4012 toties
1689 3928 1794 4038 peti·

367 4038 438 4159 ii?
474 4040 601 4156 toties
618 4052 806 4140 pugnata
826 4096 835 4115 .
858 4034 1100 4148 scripsere,
1119 4040 1227 4138 scio,
1243 4040 1440 4151 plerique
1458 4038 1531 4123 alii
1550 4037 1603 4121 de
1623 4038 1793 4122 Gerun-

372 4130 594 4260 dtis.,Vtr1
614 4138 675 4224 illi
694 4145 869 4252 quidem
888 4151 1088 4254 acuti,ac
1108 4150 1220 4236 docti
1231 4179 1244 4252 ;
1266 4149 1424 4236 uerum
1444 4152 1505 4235 ita
1533 4169 1583 4234 ut
1602 4148 1790 4237 aliorum

368 4260 513 4375 potius
531 4247 745 4431 opiniones
766 4309 781 4356 ,
806 4284 937 4369 quam
967 4261 1169 4376 sepositi,
1197 4281 1328 4372 atque
1354 4262 1491 4347 abditi
1508 4259 1685 4371 ‘aliquid
1713 4261 1785 4345 de·

367 4352 554 4477 prompsi
586 4363 893 4487 etvideantur.
934 4368 1196 4486 Quanquam
1226 4400 1276 4480 ne
1294 4392 1457 4457 veteres
1487 4369 1548 4455 ilii
1576 4371 1781 4481 quidem,

366 4459 523 4582 quibus
541 4476 770 4599 antiquitas
791 4481 847 4561 nil
870 4480 1022 4568 habuit
1042 4485 1229 4585 doctius,
1242 4482 1348 4568 nihil
1369 4480 1688 4590 eradiantales
1706 4508 1783 4564 ex·

367 4588 518 4699 risere,
549 4595 597 4658 ut
618 4604 731 4669 viam
749 4587 960 4674 industriae
979 4595 1149 4703 posteris
1178 4593 1491 4705 praecluserint.
1523 4593 1657 4705 Super
1683 4589 1779 4677 hacc
1848 4617 1850 4625 ’

366 4705 410 4803 in
431 4679 721 4818 disputando,
745 4699 918 4786 audlore
937 4701 1000 4785 Μ.
1012 4702 1062 4787 Τ.
1081 4706 1312 4808 Cicerone,
1342 4720 1534 4793 nontam
1553 4703 1658 4817 quid
1679 4700 1777 4787 Ma·

360 4816 473 4889 jore-s
493 4792 714 4898 senserint,
735 4808 1213 4929 observandum,quam
1236 4822 1408 4904 rationis
1427 4835 1651 4906 momenta
1663 4822 1783 4927 'quae·

360 4901 639 4991 rendasssunt.
679 4912 743 4998 Ut
766 4919 807 5000 in
827 4949 928 5033 agro
960 4931 1154 5028 colonus,
1186 4934 1227 5013 in
1256 4955 1390 5014 uxore
1413 4933 1486 5015 ·vir
1508 4927 1781 5013 sterilitatem

365 5011 478 5139 odit,
508 5014 563 5099 sc
583 5018 868 5152 infecundam
889 5038 1075 5129 animam
1094 5042 1187 5130 odit
1215 5040 1276 5128 illi
1296 5041 1579 5155 complicita,
1610 5034 1662 5154 &U
1676 5037 1782 5125 asso·

363 5146 472 5219 ciat-a
500 5155 618 5220 mens
636 5137 812 5227 divina.

1610 5261 1714 5348 Hoc
