4459 6750
411 1075 532 1154 etiam
557 1076 730 1184 linguam
748 1075 965 1192 conuersum
977 1075 1064 1186 fuit
1086 1141 1093 1160 .
1126 1087 1193 1166 De
1212 1112 1252 1167 eo
1268 1084 1410 1189 plura.
1442 1089 1658 1175 Laudatur
1677 1093 1725 1176 ab
1743 1104 1824 1177 An·

412 1195 514 1267 tortio
535 1194 762 1309 Quem,
790 1190 833 1273 (t
851 1191 911 1270 ab·
928 1191 1084 1288 Joanrre
1107 1200 1276 1294 Antonio
1294 1203 1490 1307 Taygeto,
1518 1226 1677 1310 quorum
1696 1205 1821 1318 oersm

406 1297 641 1383 exhibentur
658 1358 681 1378 ..
696 1297 902 1409 crescentii
919 1311 969 1385 de
990 1306 1249 1412 Agricultura
1268 1313 1532 1412 Traiiatum,
1551 1317 1692 1400 mendis
1708 1323 1822 1401 omni·

407 1417 694 1510 monimntum,
726 1418 856 1497 Comes
885 1415 939 1514 Jo
971 1417 1198 1527 Franciscus
1213 1421 1421 1506 Gambara
1450 1434 1820 1532 eotemporeeibeu·

405 1517 553 1623 davit,
583 1547 629 1611 ut
652 1524 817 1639 testatur
834 1528 1150 1642 ipleetugussinus
1168 1533 1336 1616 Gallus.
1367 1536 1620 1644 Gallus-Opus
1632 1541 1747 1655 suurn
1766 1540 1821 1622 dl·

399 1637 522 1717 cavit
543 1635 794 1723 Emmanueli
810 1635 1023 1721 Saba-udin
1041 1648 1149 1724 Duri
1159 1672 1173 1741 ,·
1193 1646 1232 1726 (t
1251 1651 1290 1726 in
1309 1647 1476 1755 Epistola
1493 1648 1679 1762 adipsum
1692 1654 1823 1735 memi-

406 1761 471 1842 trit
495 1753 618 1855 Petri.
628 1752 785 1834 Comitis
806 1751 1031 1849 Advocati,
1059 1760 1127 1857 qui
1142 1758 1278 1855 ineius
1294 1759 1403 1843 Aula
1428 1758 1488 1842 ad
1502 1790 1643 1870 magna
1657 1772 1823 1871 negotia

407 1864 671 1954 adhibebatur
695 1925 700 1944 .
734 1864 868 1948 Milius
887 1865 946 1945 ad
961 1867 1102 1964 calcem
1123 1876 1316 1952 Poematis
1325 1873 1389 1984 sui
1405 1872 1549 1972 acliecit
1561 1873 1821 1983 Eslogam,&

401 1971 788 2087 Herrdceasyllabon.
819 1975 973 2084 Scripfit
994 1975 1112 2059 aliud
1125 1988 1291 2084 Prema,
1306 1988 1369 2066 ctsi
1386 1985 1822 2087 titulus2HerctrlrsBe·

401 2090 586 2201 ''mſs'‘
654 2157 1151 2292 LAU'REN'Ttos
1187 2205 1585 2295 consonus.

463 2428 621 2542 Seripfit
641 2425 873 2532 quamplura
892 2434 1107 2528 Poemuta,
1136 2433 1342 2537 interque
1362 2434 1463 2516 illud
1477 2433 1525 2517 de
1545 2433 1715 2518 Columbi
1734 2442 1821 2518 Na·

404 2547 603 2655 vigatione
620 2534 1081 2644 maximoperejlaudutur
1102 2573 1129 2623 a
1150 2548 1390 2627 Mantttib'in
1413 2545 1579 2665 Epistolis
1599 2606 1611 2644 ,
1642 2547 1822 2651 pstemad·

405 2660 561 2742 modum
580 2652 630 2737 ab
649 2651 759 2752 Jult‘o
781 2647 902 2760 Lippi
915 2709 927 2748 ,
949 2654 991 2735 (t’
1012 2654 1113 2736 Lilio
1134 2659 1326 2756 Gyraldo.
1360 2665 1569 2741 Recitatur
1598 2658 1704 2756 btsp'us
1728 2668 1822 2741 Poe-

407 2776 526 2856 matis
545 2771 821 2862 initium‚·nes
839 2790 934 2845 non·
945 2765 1069 2870 aliqui
1097 2766 1222 2877 uersus
1250 2797 1294 2849 ex
1314 2779 1498 2854 Poematc
1518 2828 1529 2867 ,
1553 2768 1750 2869 Venetia,
1782 2771 1824 2853 6

409 2883 482 2967 alt'i
506 2913 552 2966 ets
576 2890 780 2973 tiemari,
811 2878 1058 2980 Caprarola.
1088 2886 1256 2975 Poema,
1277 2880 1471 2992 Etspoſstt'q
1499 2878 1748 2987 metaphrafit
1775 2876 1823 2982 eft

409 2991 809 3110 PaploraliumLongi
840 2992 902 3068 cui
924 2986 1087 3097 fatetur
1106 2990 1233 3068 multa
1252 2989 1301 3070 de
1319 2993 1389 3097 juo
1409 2992 1613 3098 addidisti.
1646 2997 1712 3073 Dc
1733 2999 1828 3074 Poe·

406 3130 520 3193 mate
540 3100 789 3188 Columbeidir
810 3096 975 3287 Epssola
995 3097 1272 3180 Bartholomaei
1287 3102 1417 3177 Ricii.
1450 3093 1661 3177 Gaur'bara
1676 3105 1828 3181 ‘Curmi-

403 3252 465 3308 rra
493 3215 713 3303 laudantur
734 3238 760 3288 a
782 3205 871 3316 Bafi
886 3205 920 3287 iu
941 3204 1140 3301 Zenobio,
1160 3230 1270 3309 quem
1290 3205 1439 3323 oiciffim
1458 3202 1662 3288 Gambara
1680 3207 1825 3295 laudat

405 3339 453 3421 itt
474 3330 586 3443 sair.
627 3324 813 3422 Utraque
832 3317 1052 3401 recitantur
1073 3378 1081 3396 .
1114 3323 1179 3399 De
1200 3314 1412 3399 Gambara'
1429 3313 1645 3428 adgelidas
1664 3323 1826 3403 Germa

406 3452 486 3529 nia
511 3462 601 3525 oras
627 3430 862 3543 profellione
882 3432 1050 3547 affertur
1071 3434 1129 3509 M.
1144 3435 1306 3512 Antonii
1327 3432 1512 3513 Flaminii
1530 3428 1716 3516 Hrndeca
1725 3431 1788 3535 pll
1812 3483 1826 3503 ·

408 3556 505 3640 bon.
536 3533 755 3631 ¹Gambara
784 3542 1068 3647 quamplurima
1088 3537 1166 3653 sua
1183 3548 1360 3626 carmina
1377 3542 1582 3659 combuffit,
1612 3570 1685 3648 quo
1743 3565 1828 3627 tur·

405 3676 500 3779 pia,
516 3661 571 3745 ,θ
594 3665 768 3742 Deorum
788 3648 949 3765 fabulas
977 3659 1243 3734 continerent.
1277 3656 1371 3754 Ejus
1391 3654 1439 3737 de
1458 3654 1577 3767 Poefis
1607 3659 1757 3738 ratione
1785 3654 1829 3739 li·

412 3778 553 3876 bellut,
574 3802 628 3856 an
641 3771 809 3869 Antonio
828 3762 1020 3881 Polls'oiuo
1039 3762 1287 3847 tribuendus.
1307 3769 1495 3849 incertum
1516 3766 1672 3848 videtur
1685 3829 1692 3846 .
1705 3764 1835 3849 Haud

413 3888 539 3977 multo
551 3882 625 3994 poll
646 3884 904 3961 Laurentium
923 3876 1162 3956 Gambaram
1181 3873 1313 3973 Julius
1333 3871 1463 3983 Cesar
1483 3877 1612 3957 Stella
1638 3875 1754 3958 aliud
1781 3875 1831 3963 de

418 3998 587 4088 columbi
605 3993 853 4099 navigatione
875 4000 1014 4069 Poema
1033 3984 1145 4070 edere
1166 3989 1302 4087 cupit,
1332 3986 1438 4081 eujus
1465 3981 1541 4063 duo
1565 3983 1708 4087 priores
1739 4005 1831 4067 tan·
1960 3993 1964 4002 '

422 4137 503 4199 tum
521 4106 668 4225 exstant
687 4099 775 4186 libri
792 4130 819 4181 a
836 4106 874 4181 F
878 4097 1043 4211 rancisco
1060 4099 1219 4192 Bencio,
1237 4093 1401 4175 aliorum
1419 4098 1538 4176 et'ia'm
1555 4089 1753 4176 doliorum
1768 4085 1831 4179 Vi·

423 4252 543 4309 rorum
560 4217 783 4332 testimonio,
807 4211 923 4294 valde
940 4206 1214 4291 commendati.
1245 4206 1371 4289 Stella
1387 4204 1477 4302 ille,
1507 4205 1828 4308 lierdRomattus,

430 4344 536 4420 eriam
550 4356 621 4444 pro
642 4330 826 4412 Brixiam
845 4322 1040 4405 habendus
1061 4383 1069 4400 .
1102 4322 1320 4402 Vincentius
1340 4316 1492 4416 scilta,
1510 4316 1553 4401 (l
1578 4314 1718 4400 Fabius
1749 4318 1830 4421 ejus

429 4428 538 4559 plius,
568 4441 772 4533 Brixiani,
801 4464 943 4545 magna
972 4462 1057 4516 cum
1087 4429 1205 4515 laude
1232 4452 1495 4514 memorantur
1524 4461 1550 4512 a
1580 4431 1765 4513 Manutio
1790 4434 1832 4513 itt

438 4560 616 4671 Ep'ololt'r..
676 4547 977 4632 Barrbolomeus
1007 4543 1134 4628 Stella
1154 4542 1297 4659 sodalis
1319 4539 1404 4653 fuit
1434 4540 1655 4625 Cardinalis
1677 4538 1762 4624 Poli
1791 4545 1832 4623 in

443 4673 590 4777 anglica
608 4663 843 4774 Legatum,
861 4660 910 4743 de
928 4690 999 4764 quio
1018 4656 1187 4776 affertur
1210 4657 1334 4736 Salei
1354 4658 1623 4763 Epigramma.
1658 4648 1833 4748 Michae-

440 4783 475 4863 lis
491 4785 656 4867 Msrcati
685 4768 1002 4869 Metallotbece,
1035 4778 1076 4859 (u
1098 4765 1343 4849 Mercurialis
1372 4765 1421 4847 de
1455 4778 1558 4849 Arte
1589 4763 1831 4872 Gymnassica

440 4894 613 4986 filitiones
643 4905 835 4975 ornantur
855 4881 1079 4997 quibusdam
1101 4882 1311 4966 Laurentii
1326 4876 1537 4965 Gambara
1555 4869 1803 4965 carminibus.

1584 5323 1624 5415 T
1628 5321 1779 5414 HEO·
