4459 6750
962 858 1357 968 NASQ·
1645 899 1764 980 um

412 999 554 1119 lum,
591 997 863 1135 &quidem
897 995 1094 1099 solemni
1129 1037 1297 1236 Kompa
1337 1036 1362 1095 a
1395 999 1537 1098 Paulo
1566 1005 1695 1101 Zane
1726 1007 1835 1136 Epi-

411 1137 581 1277 scopo,
622 1133 824 1274 posrtum
851 1133 1017 1257 fuisse,
1049 1135 1133 1236 scri
1168 1149 1204 1237 it
1224 1133 1382 1238 Helias
1407 1137 1656 1276 Capreolus
1685 1136 1835 1238 Chro-

409 1285 498 1375 nic.
518 1274 598 1375 lib.
617 1317 691 1374 xn.
708 1277 881 1381 addens
903 1315 1118 1416 quartam
1143 1315 1304 1377 earum
1319 1276 1517 1378 AEdium
1543 1314 1721 1417 partem
1733 1291 1830 1402 iam

413 1412 667 1553 perfodiam
695 1410 826 1550 supra
847 1457 919 1515 xx.
941 1415 1075 1514 milia
1098 1455 1345 1516 aureorum
1379 1415 1651 1518 constitisse.
1683 1459 1685 1462 ⁴

476 1559 644 1672 Juvat,
666 1562 896 1690 integram
918 1565 1101 1652 recitate
1125 1550 1380 1653 Becichemi
1396 1554 1735 1656 Ptaefationem.

426 1852 428 1856 ,
542 1735 695 1817 Marini
716 1733 926 1817 Berichemi
946 1733 1159 1837 Scodrenfis
1194 1727 1382 1840 Praefatr'o
1408 1735 1449 1819 in
1474 1734 1697 1820 Ouidianat

962 1872 1279 1958 Annoratimes.

473 1992 519 2076 N
541 1994 674 2077 literis
702 1993 1050 2104 elegantioribus,
1072 1993 1294 2103 Ragusinae
1314 1993 1439 2104 Reip.
1454 1992 1637 2093 uector,
1668 1989 1829 2076 Patres·

500 2130 583 2212 que
595 2105 833 2214 Conscripti
848 2104 1012 2202 ‚omnia
1030 2103 1183 2187 debere
1197 2103 1405 2295 ffimfiteot
1424 2104 1588 2191 duobus
1602 2102 1832 2209 Praecepto·

413 2212 529 2295 ribus
552 2218 684 2311 meis,
709 2242 807 2296 cum
833 2243 855 2296 a
877 2214 973 2302 Deo
993 2213 1178 2324 Optimo
1251 2218 1396 2297 auimo
1413 2214 1686 2313 discesserim,
1705 2210 1828 2296 Chri·

411 2323 610 2432 sloplroto
634 2324 854 2424 Barzizio,
890 2327 937 2410 &
960 2320 1104 2426 Joanoi
1135 2324 1432 2436 Calphurni03
1461 2324 1573 2410 illius
1598 2325 1711 2406 enim
1731 2347 1827 2403 con·

413 2435 611 2516 tubetnio
640 2435 733 2518 sum
755 2435 852 2520 usus
871 2437 947 2520 tali
967 2435 1159 2534 confilio,
1189 2458 1238 2519 ut
1261 2434 1316 2519 ab
1334 2462 1510 2548 eo,quae
1530 2463 1609 2518 non
1628 2430 1828 2515 omnibus

411 2549 633 2650 explorata
663 2573 712 2628 ac
741 2548 891 2643 obvia,
922 2552 1010 2630 imo
1030 2574 1080 2627 ne
1099 2547 1390 2629 animadversa
1407 2547 1580 2653 quidem
1602 2540 1729 2623 essent
1750 2599 1762 2636 ,
1780 2541 1827 2624 li·

413 2656 552 2736 berius
581 2681 813 2764 quaetetem
832 2688 845 2761 3
875 2654 1000 2749 huius
1016 2654 1169 2740 affidua
1192 2654 1492 2771 consuetudine
1521 2658 1580 2737 ita
1599 2650 1697 2739 sum
1714 2650 1826 2751 usus,

409 2788 458 2846 ut
488 2764 543 2845 ab
563 2764 649 2860 ejus
670 2765 803 2847 latete
833 2791 1068 2875 numquam
1089 2765 1382 2864 discederem,
1412 2778 1460 2847 ut
1482 2769 1547 2848 vir
1567 2762 1747 2858 multae,
1773 2787 1823 2851 ac

411 2875 537 2955 variae
565 2875 768 2974 lectionis,
799 2879 915 2960 viam
946 2879 1218 2983 interroganti
1248 2876 1301 2956 ad
1328 2902 1491 2972 arcana,
1522 2873 1569 2956 δι
1590 2874 1824 2956 studiorum

410 2985 643 3094 penetralia
674 3009 789 3068 certa
812 2989 1002 3096 indagine
1030 2991 1234 3096 aperitet3
1263 2986 1309 3068 ἃ
1337 3013 1516 3096 uterque
1544 2986 1701 3093 optatis
1731 2981 1822 3063 feli·

408 3097 514 3176 citet
536 3099 794 3189 annuit,nec
811 3111 1041 3206 quicquam
1064 3096 1144 3180 fuit
1164 3119 1255 3179 tam
1275 3097 1482 3197 dubium,
1501 3096 1547 3180 &
1567 3095 1821 3190 abstrusum,

401 3206 523 3313 ¹quod
547 3233 626 3285 non
648 3201 803 3287 fuerim
834 3205 889 3286 ab
919 3227 1099 3312 utroque
1129 3202 1310 3287 feliciter
1338 3206 1647 3312 consequutus.
1678 3202 1825 3305 Barzi-

399 3320 501 3393 ‘zius
531 3315 644 3392 enim
675 3316 885 3405 comitet,
917 3333 1045 3418 atque
1073 3312 1273 3409 beaune,
1303 3333 1351 3391 ut
1372 3313 1508 3418 multa
1538 3308 1650 3414 dese
1667 3334 1824 3417 quaere·

411 3448 503 3503 rem
524 3479 537 3518 ,
567 3421 760 3526 quotidie
782 3411 1062 3502 hortabatur.
1094 3398 1384 3527 Calbburniur
1401 3420 1563 3528 ingenio
1578 3419 1823 3526 meo,quod

398 3532 512 3612 ¹satis
533 3529 681 3625 solers,
715 3551 998 3638 promptum,
1028 3528 1074 3610 ὃ(
1095 3530 1317 3611 literarum
1342 3528 1824 3615 amore'inflammatum

411 3639 643 3737 censebat„
673 3642 791 3733 ultro
812 3642 946 3720 varias
968 3640 1230 3746 quaelliones,
1262 3635 1425 3720 diversa
1443 3640 1574 3721 etiam
1598 3639 1710 3721 sensa
1730 3667 1822 3749 pro·

410 3770 610 3863 poneret,
631 3748 677 3831 ὃ(
700 3749 907 3860 prioribus
927 3746 1088 3853 rejeeus
1105 3746 1393 3857 opinionibus,
1423 3775 1572 3847 novas,
1591 3752 1636 3835 ὅ(
1657 3746 1711 3831 ab
1728 3750 1820 3840 aliis

439 3861 661 3971 uandoque
681 3863 966 3968 excogitatas,
995 3888 1073 3941 non
1094 3856 1174 3940 stne
1192 3862 1299 3968 grati
1330 3862 1458 3945 animi
1483 3860 1744 3956 testimonio,
1763 3861 1822 3941 in·

406 3888 587 4054 duceret
612 4033 620 4052 .
652 3969 782 4053 Hunc
799 3997 876 4081 ego
894 3996 1057 4052 motem
1076 3968 1263 4065 secutus,
1286 3967 1467 4064 Reum,
1488 3966 1535 4049 dt
1557 3967 1703 4050 Patres
1730 3995 1818 4051 am·

411 4081 605 4188 plissrtni,
636 4085 677 4164 in
701 4081 779 4164 hac
809 4080 941 4163 vestra
963 4077 1248 4161 florentissima
1270 4077 1391 4159 Urbe
1410 4075 1609 4161 haelenus
1628 4075 1818 4181 servavi;

410 4191 482 4275 sed
513 4191 560 4275 ὅ(
582 4192 689 4275 illud
713 4194 755 4273 in
776 4194 920 4302 primis
938 4193 1108 4287 curavi,
1138 4209 1194 4270 ut
1207 4187 1330 4270 sciret
1352 4186 1485 4270 velita
1500 4186 1721 4289 juventus,
1738 4214 1820 4269 non

408 4330 557 4385 omnes
590 4301 795 4384 Auslotes
824 4305 864 4380 in
894 4298 1089 4382 omnibus
1116 4298 1416 4409 usquequaque
1446 4297 1706 4410 sequendos,
1746 4296 1820 4382 sed

406 4413 513 4496 alios
533 4413 599 4497 ob
618 4414 909 4495 eruditionem·
933 4413 1121 4522 paritet,
1152 4407 1203 4491 δι’
1230 4410 1513 4519 eloquentiam
1539 4410 1721 4508 diurna,
1752 4423 1820 4493 no·-

401 4522 643 4636 stumaque
662 4549 792 4606 manu
813 4521 1057 4616 versandos,
1077 4520 1180 4603 alios
1198 4517 1254 4601 ob
1271 4518 1552 4603 eruditionem
1574 4542 1743 4603 tantum
1762 4518 1819 4603 le·

409 4634 593 4740 gendos·;
622 4660 752 4746 quam
773 4633 947 4743 quidem
968 4634 1163 4714 notitiam
1193 4657 1218 4712 a
1241 4629 1303 4711 M.
1318 4630 1366 4711 Α.
1389 4628 1619 4726 sabellico,
1639 4658 1738 4716 cum
1759 4632 1821 4743 ip:

409 4742 489 4825 ssus
507 4744 589 4827 stili
603 4800 618 4843 ,
634 4743 1007 4857 quantulacunque
1028 4744 1069 4823 in
1088 4740 1205 4823 nobis
1226 4740 1307 4838 est,
1326 4733 1530 4825 facilitate
1559 4750 1820 4855 accepimus.

410 4853 462 4936 In
485 4852 749 4964 praelegendis
778 4874 922 4937 autem
946 4853 1152 4937 bonorum
1176 4848 1414 4934 Auslorum
1436 4849 1681 4966 Operibus,
1713 4847 1819 4936 nihil

407 4962 739 5048 emendavimus¹
757 4963 837 5046 stne
856 4985 973 5047 cetto
995 4964 1157 5063 judicio
1179 5020 1192 5061 ,
1218 4982 1295 5047 aut
1312 4964 1584 5074 antiquorum
1605 4963 1818 5047 Codicum

406 5072 530 5172 fide;
580 5072 684 5156 nihil
704 5075 1008 5159 declaravimus
1039 5072 1119 5156 stne
1147 5073 1332 5265 ragione,
1354 5071 1437 5161 ''iut
1466 5074 1631 5182 aliqua,
1660 5072 1727 5153 cui
1759 5094 1819 5151 te·

1253 5210 1275 5261 2
1619 5204 1771 5294 pugna·
