4459 6750
483 856 559 965 'rr
617 790 676 823 ”
755 855 1463 985 ,οΜΜΜΛ-Τιοκ

415 1002 698 1115 tropumque,
727 1017 802 1085 aut
819 1028 873 1084 ex
906 1005 1045 1093 uilitas
1062 1005 1335 1095 difficultates
1353 1003 1621 1100 contineant,
1648 1027 1744 1110 qua
1763 1015 1816 1083 ut

401 1107 605 1212 saciliur,
635 1028 966 1197 accommodius
994 1118 1187 1226 praeliare
1223 1114 1370 1227 possm,
1400 1107 1601 1224 quicquid
1621 1109 1818 1231 illitem·

325 1306 328 1313 ,
473 1224 566 1307 risa
585 1218 763 1304 docendi
778 1216 922 1304 labore
941 1221 1223 1333 superfuerit,
1254 1224 1299 1307 id
1320 1245 1465 1309 totum
1483 1216 1603 1300 bonis
1619 1217 1818 1301 authori·

448 1356 494 1412 us
511 1326 750 1413 evolvendis
769 1326 987 1436 impendet
1006 1387 1020 1430 ,
1048 1353 1092 1414 at
1127 1359 1182 1416 ue
1200 1333 1297 1414 inde
1314 1329 1429 1441 quast
1490 1323 1666 1408 uosdam
1686 1325 1818 1405 flores

409 1437 485 1522 fibi
504 1436 659 1548 deliget
669 1461 798 1542 ,quos
817 1437 958 1545 postea
976 1439 1033 1519 ad
1051 1359 1309 1518 discentium
1324 1439 1431 1519 utile
1449 1464 1476 1518 o
1508 1432 1818 1518 lediamentum

411 1569 605 1661 promat·
630 1544 695 1630 Ea
715 1544 909 1630 themata
931 1543 1160 1655 postquam
1171 1569 1315 1626 omnes
1333 1540 1571 1654 scripserint
1583 1542 1654 1643 ,δι
1672 1545 1720 1627 in
1735 1540 1816 1629 La·

413 1660 549 1743 tinam
568 1657 755 1768 linguam
778 1655 1071 1754 traduxerint,
1099 1654 1324 1762 diligenter
1342 1648 1531 1763 inspedia
1546 1653 1816 1751 emendabit,

411 1768 461 1854 dt
483 1766 722 1864 ditiorum,
750 1790 799 1848 ac
820 1763 1075 1874 scriptorum
1094 1766 1300 1848 rationem
1322 1763 1549 1862 minutim,
1577 1791 1628 1849 ac
1653 1764 1817 1850 subtilis

410 1899 480 1962 ter
499 1877 672 1987 exiget>
698 1874 925 1959 distributo
950 1878 994 1956 in
1020 1900 1165 1957 omnes
1197 1872 1478 1984 respondendi
1502 1900 1626 1958 onere
1651 1931 1666 1974 ,
1691 1875 1812 1985 quod

413 1987 488 2074 ubi
509 2014 583 2098 per
609 1983 786 2092 fingulos
812 1984 979 2069 ordines
1008 1983 1279 2092 expleverit,
1315 1986 1482 2068 mutuis
1506 1983 1811 2097 discipulorum

412 2098 524 2182 inter
550 2095 593 2180 se
611 2092 1037 2205 interrogationibus,
1060 2092 1176 2205 quod
1194 2097 1402 2202 temporis
1416 2093 1696 2205 superfuerit,
1725 2122 1819 2178 con·

411 2207 561 2309 cedat3
586 2225 716 2318 atque
736 2205 809 2289 ubi
823 2203 914 2306 jam
932 2203 1082 2313 finguli
1098 2225 1327 2314 quaternos
1343 2213 1421 2304 (ut
1442 2204 1569 2291 hodie
1588 2207 1740 2318 vulgus
1755 2205 1816 2289 lo·

409 2319 591 2426 quitur)
608 2320 979 2426 interrogaverint,
993 2312 1041 2397 dr
1059 2314 1200 2398 rursus
1219 2314 1293 2425 ipsi
1310 2344 1337 2402 a
1355 2320 1569 2428 quaternis
1588 2319 1815 2425 interroga.

409 2430 448 2510 ti
466 2425 647 2525 suerint,
675 2428 723 2509 in
738 2425 1004 2510 auditorium
1023 2451 1168 2508 omnes
1185 2426 1370 2509 deducat
1389 2483 1402 2523 ‚
1437 2453 1488 2509 ac
1515 2427 1814 2539 postauditio·

412 2566 512 2623 nem
531 2537 705 2630 tandem
724 2536 946 2620 dimittat.
1002 2533 1098 2644 lpse
1124 2535 1257 2619 etiam
1283 2535 1499 2619 interdum
1531 2537 1813 2622 declamando

411 2648 477 2732 sui
496 2645 795 2759 periculum‚.fi
817 2643 1303 2745 v,idebitur,saciat‚aut
1326 2646 1670 2757 praelegendo,&
1688 2651 1814 2731 inter.

408 2762 621 2860 pretando
637 2761 684 2839 in
699 2756 872 2864 publico
889 2756 1143 2856 auditorio,
1168 2751 1216 2838 dt
1236 2780 1351 2841 nova
1364 2755 1551 2855 discendi
1577 2758 1815 2853 irritamen·

408 2880 457 2944 ta
473 2867 616 2971 pueris
633 2864 852 2968 suggerat.

478 2988 555 3086 Ad
579 3026 677 3088 rem
697 2998 1064 3096 Grammaticam
1089 3007 1230 3100 etia-m
1259 2996 1370 3106 facit
1399 3003 1604 3131 ejusdem
1626 3020 1701 3110 Ra
1736 3017 1815 3110 icii

406 3123 610 3262 Epistola
632 3203 648 3247 ,
668 3165 760 3266 qua
786 3139 1005 3234 Brixianae
1025 3141 1296 3256 Juventutis
1310 3152 1624 3287 Praeceptoris,
1647 3047 1816 3248 selben

404 3261 563 3383 Jacobi
587 3276 806 3369 Petreciui
832 3271 1116 3383 Cas-lionoris,
1132 3286 1183 3380 in
1211 3284 1484 3386 Terentianiss
1501 3293 1663 3389 Mauri
1685 3284 1817 3391 libel.-

405 3398 510 3507 lum
523 3483 539 3528 ‚
568 3407 624 3509 de
639 3416 826 3530 Literis,
850 3409 1074 3547 syllabis,
1096 3413 1324 3541 Pedibus,
1345 3462 1396 3522 ac
1417 3428 1580 3526 Mettis
1611 3430 1818 3527 eruditos

406 3550 784 3644 Commentarios
796 3545 1000 3709 probat,
1015 3585 1213 3694 eamque
1233 3595 1290 3657 ex
1310 3570 1489 3667 Veneta
1501 3566 1720 3670 Editione
1740 3605 1818 3668 an,

415 3715 433 3769 r
447 3715 504 3794 53
519 3720 557 3796 3.
584 3716 696 3775 mox
718 3716 886 3782 rerrto.

564 3823 720 3938 Jooira
753 3828 943 3944 Ropicirrr
969 3832 1125 3953 Jorobo
1159 3841 1359 3940 Petrerriro
1380 3846 1463 3964 suo
1505 3865 1545 3950 S.
1581 3870 1641 3951 D.

402 3929 607 4148 LEgi-,
636 3969 687 4082 ut
706 3952 912 4092 petieras,
938 3962 1285 4061 Commentarios
1311 3997 1406 4065 tuos
1432 3987 1474 4067 in
1502 3982 1817 4091 Terentianum

530 4062 723 4150 erudrtos
739 4064 837 4152 sane
853 4069 972 4174 rllos,
990 4075 1038 4162 dt
1057 4080 1209 4191 planos·
1223 4084 1340 4171 bonae
1358 4088 1511 4203 frugis.
1543 4091 1727 4186 Proinde
1738 4124 1814 4203 ,ut

403 4176 565 4275 debui,
587 4200 642 4258 ex
660 4178 805 4262 animo
822 4184 995 4290 gavisus
1012 4187 1132 4292 sum,
1160 4215 1229 4292 re,
1255 4200 1329 4306 qui
1345 4199 1437 4300 jam
1459 4206 1626 4316 pridem
1644 4209 1811 4300 Brixia-

403 4282 799 4415 nnmJuventutem
817 4292 1029 4398 docendo,
1057 4303 1342 4394 eruditionem
1365 4334 1492 4401 tuam·
1507 4340 1637 4413 tantae
1656 4323 1718 4408 illi
1738 4326 1810 4410 Ci-

402 4414 533 4526 yrtatr
550 4394 872 4505 comprobatas,
902 4408 1126 4519 postquam
1141 4420 1184 4497 in
1204 4409 1424 4525 Patriam,
1447 4426 1810 4524 &amoenissimos

402 4503 500 4635 r-slos
526 4499 745 4632 musarum
763 4506 936 4599 secessus
966 4520 1147 4622 rediisti,
1170 4523 1266 4624 jam·
1287 4534 1419 4620 etiam
1438 4529 1687 4646 scri-benno,
1714 4574 1810 4634 rens

403 4613 588 4746 latinam
598 4640 781 4746 juvare,
809 4617 857 4703 dr
877 4626 972 4707 otio·
990 4626 1099 4730 isto,
1128 4636 1245 4744 quod·
1260 4660 1336 4729 tua
1356 4645 1436 4733 ribi
1468 4652 1639 4755 virtus,
1675 4678 1807 4771 atque

402 4724 604 4809 industrra
626 4749 815 4857 peperit,
840 4751 902 4819 tta
921 4733 1006 4820 frui
1017 4794 1031 4836 ,
1061 4760 1109 4825 ut
1130 4747 1315 4852 prodesse
1326 4759 1580 4847 mortalibus
1599 4793 1683 4851 non
1703 4769 1803 4854 defi·

404 4863 496 4919 uas.
526 4837 679 4970 ltaque
697 4839 850 4972 velim,
870 4846 1036 4957 optime
1063 4842 1218 4968 speres.
1248 4857 1371 4949 Nam
1387 4871 1502 4977 quod
1527 4879 1589 4959 ait
1607 4873 1809 4979 Flaccus,

398 4968 474 5033 aut
492 4967 620 5029 vrrrrrs
637 4972 771 5079 nomen
786 4981 903 5053 oram
920 4955 995 5068 est,
1022 4985 1095 5048 aur
1124 4968 1270 5068 decus,
1309 4974 1352 5058 (a
1380 4976 1536 5068 laudem
1563 4986 1672 5076 resse
1701 4996 1809 5101 perit.

397 5063 591 5172 experiens
620 5085 704 5177 aar,
733 5056 943 5179 Magnum
963 5068 1044 5159 tibi
1063 5073 1120 5163 ad
1139 5076 1324 5189 gloriam
1337 5085 1506 5183 aditum
1515 5090 1634 5189 fama
1641 5098 1806 5214 paresez·

1665 5215 1727 5301 ‘st
1737 5264 1757 5320 ῃ
