4459 6750
530 860 588 930 16
869 835 947 930 M.
1020 829 1075 936 A
1109 834 1156 948 C,
1183 835 1223 931 C
1257 833 1289 932 I
1317 838 1368 937 U
1396 843 1438 939 S

453 968 668 1113 arremaffi
694 981 931 1109 priorem,
959 975 1275 1109 aliquorumque
1302 976 1421 1072 modo
1454 962 1654 1106 incbnnffe
1690 1039 1707 1087 ,
1740 960 1867 1105 quod

453 1114 530 1212 alii
538 1109 723 1254 sorrasli
745 1106 999 1243 perficietur
1034 1109 1202 1208 fatetur
1223 1106 1400 1208 easdem
1424 1105 1732 1229 tumultuario
1758 1140 1866 1233 ma·

444 1260 560 1386 gis,
596 1286 739 1386 quam
777 1285 982 1347 accurato
1019 1249 1173 1350 studio
1209 1250 1444 1364 adornatas
1481 1242 1542 1344 ob
1577 1239 1860 1356 disceffum‚

441 1389 677 1525 quemad
709 1395 910 1487 Orientis
937 1424 1080 1524 partes
1105 1383 1399 1503 maturabat,
1427 1424 1511 1499 nec
1536 1379 1578 1482 se
1611 1381 1858 1521 puduilse,

441 1533 749 1625 recentiorum
769 1531 1029 1625 Auctorum
1059 1520 1299 1624 sententias
1326 1520 1520 1641 sedari,
1553 1559 1718 1621 eorum
1742 1559 1855 1661 prae·

447 1661 615 1782 sertim,
627 1673 708 1801 qui
725 1661 954 1763 Plautinas
970 1664 1153 1765 delicias
1177 1657 1328 1762 lentati
1346 1657 1449 1761 sunt
1468 1738 1478 1757 .
1501 1672 1622 1760 Inter
1641 1657 1731 1761 hos
1744 1658 1852 1763 nul·

445 1800 542 1901 lam
573 1811 862 1902 mentionem
893 1799 1000 1902 facit
1023 1808 1211 1937 Georgii
1242 1799 1575 1918 Alexandrini,
1612 1813 1657 1899 &
1689 1793 1849 1933 solum

443 1976 672 2040 memorat
685 1949 941 2077 Georgium
958 1938 1324 2074 Vallam,quem
1337 1935 1565 2037 bonarum
1581 1932 1846 2077 disciplina·

436 2116 549 2176 rum
572 2089 794 2178 omnium
821 2087 1029 2176 aerarium
1060 2074 1283 2217 appellat.
1321 2086 1474 2200 Hujus
1501 2074 1838 2195 filiusJoanu‘es

438 2225 594 2315 Petrus
618 2214 752 2319 Valla
788 2225 838 2314 in
864 2214 1011 2314 Plauti
1031 2217 1298 2315 Comoedias
1318 2223 1694 2314 Commentarios
1728 2256 1839 2319 con·

428 2346 605 2490 lcripsrt
622 2427 641 2470 ,
676 2390 792 2490 quos
821 2363 1064 2490 conjungit
1087 2362 1330 2472 Saraceni,
1359 2367 1404 2453 &
1433 2363 1499 2451 Pii
1530 2365 1836 2459 Commenta·

433 2498 512 2587 riis
539 2493 694 2590 Editio
722 2503 895 2594 Veneta
912 2566 927 2610 ,
947 2488 1307 2628 ibique,lcilicet
1335 2500 1383 2590 in
1405 2488 1574 2592 Praefat.
1604 2493 1664 2592 ad
1690 2504 1836 2597 Com·

432 2639 736 2727 mentationes
760 2625 887 2745 suas,
917 2639 982 2729 ait
1012 2626 1101 2766 ipse
1124 2706 1137 2747 ,
1157 2638 1273 2766 patri
1301 2624 1381 2728 suo
1410 2637 1616 2734 Veneriis
1653 2629 1833 2770 publice

430 2766 699 2863 Comoedias
734 2763 962 2863 Plautinas
997 2766 1226 2904 profitenti
1265 2764 1439 2865 multos
1479 2764 1667 2869 extitisse
1703 2775 1831 2874 audi-

430 2933 546 2998 tores
569 2974 583 3019 ,
621 2939 824 3039 quorum
845 2900 990 3041 aliqui
1016 2940 1195 3042 excepta
1216 2901 1274 3004 ab
1298 2902 1394 3043 ipso
1419 2904 1520 3005 aliis
1575 2908 1735 3010 rodere
1757 2952 1828 3013 co

426 3046 524 3134 nati
542 3034 683 3157 sunt,
718 3077 855 3176 atque
891 3050 1004 3173 itaba
1031 3053 1246 3180 primaeva
1269 3053 1475 3181 imagine
1497 2945 1825 3186 dilcrepanria,

422 3207 480 3274 ut
504 3213 563 3273 ne
583 3212 684 3314 quae
709 3181 905 3277 demum
933 3190 1048 3316 patri
1075 3177 1158 3279 suo
1184 3190 1367 3280 incuria:
1384 3179 1516 3320 culpa
1537 3193 1824 3310 inureretur,

420 3310 607 3415 adactus
632 3310 722 3453 ipse
741 3314 906 3434 fuerit,
932 3357 956 3414 a
981 3353 1109 3455 parte
1134 3319 1294 3434 tradita
1312 3356 1456 3455 quam
1478 3320 1706 3424 celerrime
1727 3326 1825 3427 col-

421 3444 595 3581 ligere,
621 3487 665 3544 at
698 3493 759 3547 ue
790 3453 1039 3583 evulgare.
1076 3453 1305 3552 Miletum
1334 3465 1521 3593 Georgii
1551 3461 1693 3563 Vallae
1718 3462 1820 3567 obi.

420 3618 524 3683 tum
547 3490 756 3682 descrllsit
775 3591 949 3683 Pierius
978 3586 1248 3690 Valerianus
1272 3605 1366 3715 ejus
1385 3593 1632 3737 discipulus
1658 3610 1731 3705 De
1747 3614 1823 3705 Li-

421 3716 817 3819 teratorinfelicit.
844 3717 921 3820 lib.
954 3764 991 3821 1.
1029 3721 1244 3851 EJusdem
1267 3728 1489 3870 Elogium
1510 3736 1679 3877 legitur
1700 3745 1822 3883 apud

417 3856 631 3970 lovium.

431 4030 437 4039 ·
481 4011 796 4123 Reverenrrsmo
812 4013 855 4096 tn
865 4013 1011 4118 orrrsn
1028 4020 1141 4127 pam·
1154 4020 1356 4127 Fraterno
1368 4024 1554 4111 Marcello
1566 4014 1752 4144 nomme·

549 4144 794 4264 Tragurino,
816 4154 1036 4237 Bernartius
1050 4159 1261 4242 Saracenas
1282 4166 1451 4247 [feneras
1486 4170 1525 4251 S.
1544 4171 1590 4253 P.
1603 4175 1663 4255 D.

406 4259 788 4467 CAssigationes
815 4271 1071 4359 inPlautum
1083 4281 1266 4380 nostras,
1298 4310 1371 4365 nec
1402 4314 1485 4369 non
1510 4292 1813 4398 enarrationes,

405 4461 408 4465 ,
535 4378 692 4507 Praesul
722 4379 950 4467 doeriffime
967 4443 981 4487 ,
1010 4385 1250 4490 nobiscum,
1282 4397 1348 4475 cui
1398 4399 1625 4484 otiffimum
1655 4404 1813 4491 dicare·

404 4518 536 4590 mus,
560 4518 678 4591 curus
708 4489 946 4592 fincerum,
974 4498 1187 4606 prudens,
1216 4528 1264 4583 ac
1293 4504 1348 4586 do
1394 4534 1469 4591 um
1497 4510 1734 4600 subiremus
1749 4517 1812 4618 ju·

404 4601 591 4702 dicium,
616 4602 758 4687 animo
775 4602 1020 4712 aliquandiu
1039 4614 1365 4718 reputantibus,
1394 4618 1512 4701 nobis
1539 4632 1726 4711 occurrit
1745 4653 1809 4710 ne·

401 4736 507 4812 mo,
565 4736 662 4796 uem
691 4713 807 4822 apud
836 4740 907 4797 nos
936 4713 1339 4826 tibipraefetendum
1359 4723 1808 4835 elieexistimarcmus,

401 4820 487 4904 stve
567 4821 731 4906 arcellae
763 4823 916 4907 domus
949 4826 1145 4921 claritate
1185 4832 1331 4917 multis
1370 4836 1680 4941 anteferenda,
1722 4844 1808 4930 live

395 4929 653 5018 sanrtiffimae
681 4929 913 5043 Religionis
943 4934 1086 5019 nostrat
1114 4938 1414 5046 observantia,
1442 4947 1523 5033 five
1544 4950 1747 5040 dodlrinae
1768 4984 1808 5041 e·

393 5043 537 5128 nimiae
565 5046 774 5129 acerrimo
799 5042 993 5148 judicio,
1020 5073 1114 5157 quae
1141 5055 1282 5136 omnia
1304 5078 1490 5143 mentem
1515 5087 1654 5149 meam
1687 5070 1804 5176 prius

1649 5201 1749 5285 nen·
