4459 6750
500 954 564 1044 50
728 902 1471 1044 'GRAMMATICA

425 1092 497 1162 tos
513 1052 644 1160 fuille
662 1052 918 1198 speramus,
940 1101 994 1169 ut
1015 1075 1177 1168 Lestor
1205 1097 1362 1202 aequus
1386 1048 1533 1156 ualeat
1551 1055 1716 1216 'statim
1754 1063 1827 1163 di-

428 1199 656 1326 judicare,
689 1236 809 1300 num
836 1244 887 1304 ea
927 1207 1145 1324 invidia,
1180 1241 1273 1345 qua
1300 1207 1723 1299 Grammatlcarum
1751 1213 1853 1325 Ins.

429 1339 733 1438 stitutionum
761 1341 951 1444 artifices
984 1351 1253 1444 invenimus
1295 1328 1546 1450 laborasse,
1585 1340 1636 1430 iu
1664 1338 1833 1476 Augu-

429 1462 609 1577 stinum
631 1489 898 1582 Saturnium
934 1488 1101 1624 pariter
1121 1480 1281 1595 cadat,
1316 1509 1464 1609 aquo
1498 1478 1733 1573 nimirum
1768 1478 1827 1611 a&

424 1622 631 1713 criticam
677 1618 986 1722 eruditionem
1024 1615 1175 1718 multa
1209 1613 1402 1756 quidem
1440 1601 1530 1708 fine
1570 1648 1745 1732 acute,
1778 1656 1828 1716 ac

424 1746 649 1853 subtiliter
677 1767 957 1897 excogitata,
993 1757 1320 1863 adlocutionis
1348 1787 1457 1852 vero
1491 1757 1659 1853 Latinae
1689 1748 1827 1853 usum

422 1892 761 2026 propemodum
783 1898 934 2017 nihil;
971 1942 1030 2003 an
1055 1938 1163 2001 vero
1182 1894 1356 1998 illustre
1382 1886 1524 2006 illud,
1545 1895 1825 2026 ingenuum,

423 2064 475 2123 ac
501 2023 789 2167 perspicuum
822 2048 976 2142 latini
1005 2038 1227 2142 sermonis
1264 2041 1326 2133 ita
1354 2041 1404 2129 in
1428 2042 1525 2154 ejus
1553 2036 1702 2165 Opere
1730 2027 1831 2130 elu-

421 2200 518 2261 ceat
534 2238 549 2281 ,
585 2200 638 2266 ut
661 2174 717 2274 de
742 2215 797 2275 eo
822 2191 956 2300 jure,
990 2220 1041 2279 ac
1069 2184 1235 2277 metito
1269 2175 1361 2272 dici
1398 2164 1528 2307 poffit
1556 2241 1571 2285 ,
1608 2165 1827 2302 Polycleti

421 2303 589 2422 instat,
626 2303 726 2411 luas
753 2311 905 2452 ipsum
941 2317 1121 2456 regulas
1156 2320 1338 2452 egregie
1371 2306 1627 2447 praestando
1661 2307 1827 2409 confir·

420 2439 590 2540 malle.
628 2447 817 2552 Plenam
840 2454 1065 2577 illam‚ac
1088 2489 1278 2583 teretem
1305 2441 1691 2586 compositionem
1730 2485 1831 2548 ver-

316 2697 324 2706 ,
421 2572 616 2702 borum,
651 2590 882 2716 colorem,
899 2613 945 2698 δι
967 2593 1184 2698 habitum
1208 2589 1345 2692 illum
1365 2663 1381 2707 ‚
1403 2594 1453 2686 in
1479 2581 1651 2723 quibus
1672 2597 1828 2724 praeci-

419 2749 564 2850 puam
589 2732 760 2833 Latinae
785 2729 959 2874 linguar
996 2736 1185 2837 laudem
1211 2726 1529 2831 collocandam
1558 2721 1643 2825 esse
1669 2799 1684 2844 ,
1720 2765 1831 2825 mo.

420 2888 621 2975 nemur,
656 2902 709 2964 ut
735 2869 857 2968 nihil
880 2873 1133 2992 claudicet,
1169 2866 1290 2972 nihil
1310 2859 1552 2984 diffluat,
1586 2862 1709 2964 nihil
1743 2867 1833 2968 slu-

419 2995 569 3109 ciuet‚
601 2991 674 3098 sed
700 3037 792 3103 tora
818 3003 1060 3146 permista,
1077 3026 1124 3112 &
1148 3044 1397 3146 temperata
1423 3011 1657 3121 numeriS,
1683 3034 1835 3145 acqua·

420 3120 573 3229 bilitcr
586 3209 602 3253 ,
637 3145 987 3289 constanterque
1013 3149 1185 3251 feratur
1208 3155 1394 3263 oratio,
1431 3142 1561 3261 haec,
1594 3151 1792 3282 inquam
1817 3226 1832 3270 ,

413 3277 572 3368 omnia
602 3281 651 3376 in
670 3285 904 3389 Mercurio
924 3292 1082 3391 nostro
1106 3299 1127 3419 (
1140 3325 1218 3389 aut
1241 3323 1331 3426 ego
1355 3280 1526 3408 fallor)
1543 3318 1686 3384 nemo
1713 3283 1832 3389 dest-

410 3406 559 3514 deret.
587 3420 702 3526 Non
724 3423 888 3548 defuit,
900 3439 984 3565 qui
1001 3429 1146 3535 Vallae
1160 3426 1421 3564 Elegantias
1444 3421 1726 3564 inelegantes
1748 3468 1772 3526 a

412 3544 676 3680 pellar-erim
704 3594 750 3655 at
772 3601 873 3679 eas,
893 3602 1009 3672 num
1027 3562 1130 3666 satis
1157 3564 1387 3702 eleganter
1403 3572 1639 3663 Saturnius
1658 3466 1829 3669 conss?-

412 3693 612 3801 raverit,
649 3688 684 3787 sr
712 3705 816 3830 quis
844 3710 1084 3804 exanimo
1108 3700 1379 3803 indubium
1406 3738 1585 3804 vocaret
1598 3780 1615 3825 ,
1652 3743 1722 3805 nae
1745 3704 1828 3809 ille

410 3824 560 3954 nimis
598 3829 794 3956 austeras
830 3836 1063 3980 elegantiae
1095 3841 1217 3984 leges
1243 3839 1571 3984 praescriberet.
1618 3855 1822 3946 Saturnii

409 3961 459 4054 in
492 3964 805 4075 Grammatica
839 3984 952 4082 Arte
988 3984 1295 4122 praestantiam
1333 4022 1446 4110 non
1468 3989 1595 4086 initae
1632 4003 1822 4087 tantum

406 4097 614 4207 adversus
637 4108 823 4214 Vallam
856 4111 1172 4226 contentiones
1191 4123 1571 4243 commendant,
1607 4118 1678 4222 sed
1714 4122 1817 4227 aliae

404 4246 579 4360 etiam,
616 4286 670 4343 ex
695 4252 867 4387 quibus
903 4273 1067 4402 pariter
1093 4259 1284 4403 paucula
1321 4264 1535 4402 quaedam
1568 4259 1818 4403 specimina

403 4368 551 4507 placet
575 4378 653 4481 hic
676 4383 970 4512 subnestere3
1005 4407 1203 4543 indeque
1238 4412 1389 4542 magis
1416 4399 1657 4543 magisque
1678 4413 1818 4504 inno-

406 4505 567 4639 tescet„
603 4560 750 4661 quarn
786 4538 1020 4662 excellat,
1056 4541 1308 4684 effulgeat,
1344 4546 1603 4682 triumphet
1640 4551 1814 4644 latine

400 4646 676 4763 elocutionis
715 4679 823 4795 vis,
859 4715 997 4818 atque
1033 4690 1156 4782 nitor
1191 4692 1241 4782 in
1280 4675 1376 4808 ejus
1410 4688 1669 4783 Mercurio.

469 4799 547 4896 An
571 4808 731 4909 Latine
751 4814 840 4915 dici
864 4816 1146 4956 poss1t‚mihi
1169 4851 1271 4960 opus
1295 4822 1353 4953 tsi
1373 4819 1483 4925 hauc·
1502 4858 1593 4925 rem
1614 4821 1675 4920 ad
1704 4861 1808 4925 exa-

397 4963 508 5062 men
530 4979 748 5070 reuocans
770 4993 863 5093 cap.
883 5000 907 5054 2
917 4998 959 5081 5.
979 4957 1068 5061 lib.
1089 5006 1127 5062 1.
1147 4962 1203 5062 de
1230 4960 1434 5060 duorum
1461 4971 1806 5065 Grammatico-

395 5105 504 5177 rum
530 5086 625 5185 rixa
634 5160 652 5207 ‚
673 5127 777 5229 quar
803 5101 1012 5211 Mantua
1035 5109 1317 5243 contigerat,
1341 5098 1435 5206 hate
1461 5098 1624 5208 habet:

1654 5253 1728 5343 lix
