4459 6750
843 893 1349 1010 POETICA.
1647 943 1722 1004 2·

403 1072 561 1144 tamen
588 1038 910 1181 quadantenus
935 1045 1137 1165 reuixit,
1170 1077 1270 1180 quo
1293 1035 1388 1181 ipso
1421 1075 1630 1183 ternpore
1656 944 1820 1154 Elian-

403 1188 527 1282 tium
560 1181 812 1282 Academia
836 1196 934 1303 jam
959 1174 1110 1278 fuerat
1134 1215 1311 1284 exorta.

475 1332 553 1420 Sat
568 1316 745 1458 prolixa
766 1312 926 1452 Elegia
948 1323 968 1438 (
981 1352 1170 1421 centum
1199 1314 1392 1440 scilicet,
1417 1323 1690 1469 &amplius
1713 1368 1820 1435 ver·

404 1455 531 1560 sibus
562 1459 774 1586 constat)
800 1453 1051 1588 Albertum
1089 1447 1336 1576 Lollium,
1373 1458 1557 1601 ejusque
1594 1465 1817 1572 Muscam

406 1597 619 1700 laudavit
667 1602 737 1717 Jo.
779 1591 1015 1694 Antonius
1061 1598 1348 1734 Taygetus,
1392 1592 1665 1742 affertutque
1702 1618 1820 1710 inter

403 1743 631 1838 Carmina
648 1735 1037 1836 Academicorum
1062 1731 1400 1838 occultorum.
1438 1747 1674 1842 Vincentii
1699 1784 1819 1884 quo.

401 1914 495 2016 que
523 1871 703 1974 Metelli
729 1949 745 1993 ,
774 1883 878 1979 Viri
907 1868 1242 1994 eruditissimi,
1278 1872 1525 1983 tumulum
1562 1878 1814 1988 honoravit

404 2023 731 2152 Hieronymus
756 2021 980 2116 Bornatus
1011 2011 1101 2114 hoc
1121 2020 1491 2154 Epigrammate.
1527 2017 1530 2023 ’

623 2188 737 2276 Vmc.
752 2190 939 2294 Metelli,
960 2187 1054 2278 Vtri
1071 2191 1320 2304 eruditifflmi
1330 2250 1344 2293 ‚
1370 2187 1603 2287 Tumulut.'

514 2327 661 2415 Funde
684 2352 818 2438 precor
834 2328 1055 2434 lacrymas,
1081 2356 1227 2414 mecum
1241 2327 1293 2444 su
1306 2333 1410 2434 piria
1429 2331 1579 2446 fende,

573 2437 757 2558 Qt‘squis
776 2439 869 2526 ades
879 2501 893 2544 ,
920 2445 1046 2552 sacris
1061 2440 1242 2548 addeque
1260 2463 1278 2527 t
1310 2474 1385 2529 ura
1393 2443 1511 2556 focis.¹

516 2554 683 2650 Desitie
700 2551 837 2638 Pboebi
856 2556 1078 2639 Vincentius
1106 2550 1171 2639 ille
1191 2556 1400 2657 Metellus,
1493 2610 1496 2615 -

572 2668 715 2748 Brixia
740 2670 1033 2787 quemgenuit,
1064 2692 1254 2752 marmore
1281 2664 1432 2783 clausus
1457 2667 1565 2783 inest.

463 2805 657 2899 Latinas
688 2808 830 2900 etiam
853 2796 1012 2900 Musas
1034 2798 1273 2902 excoluisse
1295 2797 1546 2902 Metellum
1562 2801 1817 2944 ,dignosci-

401 2975 512 3046 mus
531 2979 586 3039 ex
597 2951 696 3064 ejus
713 2933 918 3043 versrbus
940 2934 1127 3084 sparsim
1145 2938 1361 3081 vulgatis,
1376 2977 1704 3086 comparetque
1724 2958 1820 3071 ejus

402 3119 583 3188 nomen
608 3087 729 3182 inter
749 3087 907 3178 Poetas
919 3088 1104 3180 Latinos
1121 3154 1136 3199 ,
1151 3117 1269 3218 quos
1280 3076 1511 3200 Joannam
1525 3088 1819 3221 Aragoniam

399 3218 681 3325 celebrantes
708 3224 759 3315 in
787 3253 942 3341 unum
962 3215 1152 3353 collegit
1177 3256 1302 3316 anno
1331 3261 1349 3313 1
1364 3259 1388 3338 5
1400 3257 1423 3336 5
1437 3258 1476 3337 5.
1493 3230 1816 3354 Hieronymus

402 3354 680 3477 Ruscellus,
700 3350 963 3498 quibusque
984 3353 1255 3454 coronidem
1277 3362 1482 3491 imponit
1492 3359 1690 3463 Andreae
1707 3364 1819 3463 Mu-

406 3508 462 3603 tii
490 3500 636 3602 nostri
658 3491 1123 3633 Hendecasyllabon,
1159 3505 1290 3618 cujus
1319 3499 1536 3594 initium:

520 3669 657 3776 Iegem
674 3659 879 3747 Pieridum
905 3655 1019 3748 decus
1034 3656 1241 3772 sororum,

573 3771 782 3888 Russelle,
810 3770 854 3854 d
878 3791 995 3877 patet
1010 3772 1315 3882 elegantiarum,

575 3892 703 3969 Mitto
730 3882 834 3965 dona
860 3881 933 3964 tibi
958 3911 1051 3965 meae
1068 3886 1284 3987 Camoenae,

575 4000 682 4192 &a
699 3994 900 4103 Templum
926 3990 1156 4107 referantur
1181 3998 1222 4075 in
1246 4014 1358 4079 tuem
1387 3989 1510 4094 illud,

572 4113 654 4193 so·
680 4110 886 4215 Aragoniae
915 4108 1017 4190 Dee
1041 4102 1242 4204 dicatum,

558 4222 639 4304 Ἑν
667 4216 819 4325 Templi
848 4221 1027 4303 Domina
1057 4239 1157 4317 tuo,
1185 4243 1339 4323 meoque

575 4327 759 4414 Tandem
787 4333 936 4416 nomine
962 4328 1227 4447 consecrentur
1250 4329 1341 4436 alta

573 4440 651 4529 Ad
674 4438 865 4545 donaria,
893 4437 1146 4555 maximosque
1174 4438 1330 4526 honores
1356 4436 1432 4525 &a

482 4645 593 4744 XV.
629 4649 754 4739 Inter
773 4635 1163 4769 Academicorum
1191 4632 1498 4739 Occultorum
1525 4641 1731 4735 carmina
1768 4640 1818 4738 in

409 4788 553 4883 citato
570 4773 730 4919 saepius
760 4772 952 4896 libello,
986 4816 1038 4879 ea
1057 4783 1200 4877 etiam
1221 4772 1467 4914 leguntur,
1488 4810 1590 4915 quae
1615 4774 1818 4875 Ludovi-

410 4959 497 5025 cus
517 4919 784 5038 federicus,
820 4953 944 5019 unus
972 4956 1029 5019 ex
1059 4914 1152 5017 illis
1175 4915 1501 5034 Academicis,
1530 4909 1815 5051 composuit.

414 5067 691 5168 Hexametri
715 5055 866 5167 versus
887 5064 1042 5203 primo
1066 5052 1171 5161 loco
1192 5089 1494 5198 comparent,
1516 5047 1688 5192 quibus
1710 5056 1822 5150 acti·

493 5197 629 5311 ΗΠ.
1168 5204 1189 5298 1
1215 5200 1234 5299 i
1482 5332 1485 5337 .
1690 5222 1759 5292 ter
