4459 6750
480 897 539 976 52
744 847 1468 971 GRAMMATICA.

404 1017 617 1104 quamque
636 987 841 1088 absurda,
871 991 1130 1104 minimeque
1148 989 1222 1076 fibi
1241 982 1535 1074 consentientia
1554 983 1814 1068 tradiderint

404 1130 549 1187 omnes
566 1123 650 1186 tuae
667 1097 857 1182 fastionis
878 1100 1192 1199 Grammatici?
1222 1099 1376 1182 Errore
1397 1096 1526 1204 igitur
1544 1113 1618 1174 tuo
1635 1096 1713 1178 'illo
1725 1152 1737 1192 ,
1749 1115 1814 1174 at·

404 1239 487 1322 que
507 1213 613 1297 adeo
633 1207 886 1294 cundorum
905 1232 1049 1294 tecum
1068 1213 1182 1293 idem
1202 1200 1569 1327 sentientiumqad
1587 1201 1698 1286 hunc
1719 1230 1815 1283 nio·

402 1325 508 1408 dum
526 1318 784 1419 confutato,
813 1318 1013 1417 studiosi,
1045 1317 1291 1428 priusquam
1321 1317 1374 1398 de
1402 1308 1642 1397 nominibus
1668 1314 1816 1392 adver·

398 1431 572 1516 bialiter
592 1430 732 1540 politis
751 1430 1067 1538 praecipiamus,
1095 1424 1417 1532 quadruplicem
1450 1422 1556 1503 hanc
1579 1422 1809 1502 ueritatem

402 1543 446 1623 in
484 1544 628 1653 pectus
663 1539 751 1622 alte
789 1536 1062 1633 demittant,
1110 1530 1426 1638 firmissimeque
1465 1551 1665 1613 teneant.
1725 1531 1808 1615 Pri-

405 1679 532 1737 mum
557 1650 640 1734 &c

477 1798 549 1883 De
570 1778 1071 1920 impersonalibusagit
1097 1774 1216 1875 libro
1243 1782 1466 1892 tertio‚&
1490 1801 1631 1913 quam
1666 1816 1811 1874 venu-

410 1923 474 2019 ste
501 1919 959 2059 usurpentur,‚quam
980 1954 1098 2056 aegre
1120 1914 1434 2054 explicentur„
1448 1951 1558 2012 mox
1579 1915 1707 2015 docet
1730 1913 1805 2011 his

404 2056 552 2160 verbis
569 2102 580 2154 i

942 2205 1008 2281 Ex
1033 2197 1095 2282 lib:
1118 2223 1154 2304 ς.
1182 2224 1216 2279 c.
1234 2219 1270 2276 r.

458 2308 516 2394 Et
536 2311 698 2395 bonam·
711 2311 933 2395 latinitatis
952 2332 1118 2418 partem
1137 2308 1430 2416 impersonalia
1457 2305 1532 2392 sibi
1552 2306 1779 2391 vendicant
1794 2315 1807 2388 .’

401 2413 514 2530 Qiae
533 2421 699 2505 summa
729 2450 829 2505 cum
858 2422 1075 2528 diligentia
1106 2423 1147 2501 ni
1179 2446 1252 2527 per
1281 2447 1353 2501 nos
1382 2421 1612 2503 teterrimis
1641 2445 1664 2500 e
1695 2441 1808 2501 tene·

399 2526 507 2626 bria,
534 2559 589 2616 ac.
602 2529 683 2614 situ
702 2532 948 2615 inueterata
957 2589 969 2629 ,
998 2557 1048 2615 ac
1068 2529 1304 2638 deploratae
1316 2529 1436 2614 illiue
1447 2532 1706 2638 ignorantia,
1719 2553 1809 2611 tan·

401 2637 502 2723 dem
522 2642 750 2751 aliquando
769 2643 810 2723 in
830 2642 971 2725 lucem
991 2641 1278 2737 redimantur,
1306 2638 1424 2724 haud
1440 2639 1564 2723 causa
1583 2638 1642 2721 est
1662 2693 1677 2735 ,
1706 2643 1808 2830 qpin

400 2745 454 2830 de
473 2750 606 2836 literis
634 2751 802 2859 pessime
819 2752 902 2836 dici
921 2755 1097 2834 meritus
1117 2751 1245 2832 velim
1267 2809 1277 2831 .
1308 2748 1430 2864 Quid
1448 2751 1561 2832 enini
1580 2750 1710 2833 verba
1754 2778 1811 2831 aec

401 2883 482 2938 non
500 2861 629 2940 modo
650 2861 897 2967 suscipiam,
925 2862 971 2943 dt
990 2858 1208 2942 exosculer
1231 2915 1242 2955 ,
1270 2858 1317 2943 ὅ(
1337 2860 1608 2971 ampledlar·,
1638 2862 1810 2971 quando

403 2962 486 3044 sine
505 2967 569 3045 his
589 2967 784 3073 splendor
816 2970 886 3049 ille
908 2971 1072 3050 divinus
1094 2967 1340 3052 Latinitatis
1361 2971 1475 3054 haud
1495 2970 1710 3054 consistere
1740 3000 1809 3082 po·

402 3073 510 3156 test?
528 3071 683 3185 Neque
701 3095 845 3160 tamen
862 3079 978 3160 clam
987 3106 1055 3161 me
1073 3078 1148 3177 est,
1187 3100 1364 3163 uantum
1385 3080 1649 3181 sudoris‚vel
1673 3085 1813 3192 potius

431 3204 616 3268 uantum·
640 3181 846 3296 sanguinis
868 3188 975 3272 mihi
993 3105 1259 3272 fundendum
1289 3188 1351 3273 sit·
1370 3195 1411 3274 iii
1441 3190 1812 3302 liisexplicandis.

398 3209 589 3409 bizantio
617 3293 975 3410 &naturalon'ge
995 3295 1090 3385 suut
1110 3299 1329 3387 intellcdlu
1358 3299 1609 3387 difficillima
1627 3357 1642 3403 ,
1672 3303 1719 3388 ὅ(
1737 3302 1812 3387 ho·

397 3404 474 3489 stes
491 3408 849 3519 quamplurimos
868 3409 1051 3496 habeam
1084 3433 1186 3495 tum<
1201 3414 1453 3510 acerrimos,
1484 3435 1580 3498 tum
1611 3412 1810 3499 insellilsi-

398 3543 518 3599 mos.
551 3520 609 3600 Et
627 3518 817 3627 alioquin
837 3522 1094 3603 incredibilis
1113 3526 1311 3629 quaedam
1329 3523 1699 3634 expediatiomihi
1720 3554 1812 3637 gra·

399 3625 462 3705 vis
480 3625 719 3708 adversaria
733 3626 824 3723 jam
841 3625 891 3708 sit
909 3628 1135 3711 constituta
1157 3692 1165 3709 .
1199 3630 1433 3739 Aggrediar
1453 3635 1804 3749 igitui,&quam

401 3732 598 3848 citissime
612 3754 785 3842 potero,
814 3756 984 3822 tantum
1003 3740 1159 3847 negotii
1181 3739 1422 3829 absolvam.
1523 3788 1531 3825 ·.

437 4024 439 4027 .
473 3885 554 4016 ld,
575 3897 766 4029 inquam
784 3904 862 4013 ,in
885 3896 1048 4002 limine
1073 3900 1179 4002 libri
1203 3915 1321 4006 tertii
1345 3907 1807 4045 piaelocuru5,ffaiim

403 4023 459 4121 ad
484 4025 801 4167 explicandam
826 4044 893 4136 im
956 4035 1206 4141 rsonalium
1240 4082 1455 4148 naturam
1492 4054 1697 4172 accedit,
1734 4095 1809 4152 ea-

402 4167 832 4308 queximpersonalia
851 4073 952 4276 eliie
957 4178 1154 4282 affirmat
1172 4219 1266 4321 cap.
1283 4223 1321 4301 3³
1344 4183 1524 4325 quotiet
1543 4189 1677 4293 verba
1704 4190 1806 4329 sup-

393 4301 547 4458 'positp
575 4346 755 4407 careant
780 4316 1157 4434 tedio,adversus
1181 4330 1454 4459 opinionem
1473 4330 1600 4429 Pauli
1622 4336 1798 4450 Suardi,

394 4433 605 4579 ⁴„superius
635 4445 815 4549 anobis
841 4467 1267 4595 memorati,quem
1293 4470 1669 4569 Grammaticunr
1692 4468 1804 4569 alio-

401 4581 772 4721 quin-insignem
799 4590 1022 4728 appellat,
1059 4633 1249 4698 necnon
1268 4604 1464 4705 Antonii
1485 4605 1802 4729 Nebiillensis,

399 4752 541 4851 quem
570 4731 738 4826 Latinae
758 4725 929 4866 lingua
949 4769 999 4829 ea
1025 4728 1118 4868 ipsa
1140 4741 1404 4877 tempestate
1425 4753 1474 4843 iii
1497 4745 1591 4846 His
1613 4758 1720 4848 ania
1736 4789 1806 4847 re-

397 4891 560 5100 palrlatae
586 4863 905 4967 Aristarchum
924 4944 938 4987 ,
959 4880 1216 5031 Varronem
1230 4880 1517 5000 ,Camillum
1550 4787 1703 5028 piures
1727 4904 1806 5027 ap'-

395 5031 451 5133 pe
489 5038 653 5107 aiunt:
1146 5037 1159 5059 ‘

1680 5192 1746 5271 Eit
