4459 6750
847 906 1357 1025 POETICA.

572 1052 653 1131 Per
682 1047 797 1135 latas
814 1046 985 1160 segetes,
1012 1056 1124 1141 suita
1148 1080 1219 1164 per
1247 1066 1408 1164 equora

514 1157 771 1265 Camporum‚
800 1161 844 1246 (t
871 1162 1158 1270 lacrymabilem
1205 1264 1208 1270 .

490 1277 492 1281 ’
572 1276 795 1355 Fortunam
824 1278 961 1386 egregii
981 1277 1204 1388 sanguinis,
1234 1279 1277 1363 ὁ·
1305 1276 1440 1369 domus

418 1388 423 1396 '
513 1386 705 1484 Antiqua
733 1384 921 1494 Cbisolia

569 1493 722 1592 Undis,
751 1493 793 1573 (t
811 1494 985 1598 lacrymis
1005 1495 1101 1605 flete
1130 1496 1362 1605 rigantibus.

514 1608 562 1684 N
565 1630 638 1687 une
664 1601 830 1715 quisquis
857 1602 935 1688 duo
951 1603 1102 1716 sunere
1340 1693 1348 1699 ,

571 1714 822 1820 Deplorans,
851 1714 999 1825 miseros
1025 1719 1230 1824 ingeminet
1258 1715 1412 1819 modos;

511 1833 681 1909 Patrem
696 1821 846 1931 scilieet
875 1832 1076 1933 optimum,

565 1943 625 2023 Es
651 1934 854 2043 pulchram
871 1936 1034 2051 sobolem
1062 1942 1298 2051 magnanimi
1325 1940 1420 2044 oiri,

514 2052 574 2131 Es
604 2047 711 2131 dulei
735 2078 763 2129 a
787 2054 927 2155 patria
948 2053 1085 2156 procul

439 2194 442 2201 ·
569 2162 793 2246 Florentem
817 2185 1001 2268 puerum,
1031 2163 1139 2279 uasa
1157 2165 1334 2281 scientie

512 2275 627 2355 Dum
649 2274 751 2370 juris
778 2279 907 2356 maria
935 2277 1091 2382 impiger

572 2381 757 2490 Aduerso
778 2383 962 2490 Zephyris
989 2407 1118 2471 nauta
1144 2413 1262 2471 novus
1279 2381 1420 2498 secat:

508 2497 655 2613 ,Qualis
686 2497 844 2608 Vesuvii
866 2501 905 2576 iu
926 2498 1056 2603 jugis,

568 2619 657 2694 Aut
685 2611 725 2686 in
749 2605 931 2711 Paufilips'
959 2612 1105 2690 uertice
1123 2605 1291 2715 florido,

509 2719 629 2804 Liber
658 2745 820 2824 magne,
848 2715 922 2799 tibi
939 2714 1078 2826 sacro,
1164 2814 1168 2818 Δ
1225 2799 1229 2807 ,

565 2829 713 2914 Ardua
737 2835 832 2913 vitis
854 2854 991 2909 amans
1007 2828 1201 2942 scandere
1218 2826 1394 2940 populos,

509 2940 716 3056 Diffundit
747 2939 1068 3039 viridunum,

566 3050 728 3133 Garsdet
759 3056 981 3157 tergeminos
1000 3050 1184 3165 spargere
1205 3051 1411 3163 palmitttt

508 3162 667 3243 Sicilie
695 3157 754 3240 ad
774 3166 940 3264 patria,
968 3161 1011 3243 (t
1036 3170 1161 3268 patris

566 3279 742 3368 Nomen,
770 3268 947 3351 nobilium
967 3269 1023 3375 se
1051 3277 1224 3370 equitum
1253 3272 1441 3355 addetur

513 3381 581 3495 Es
609 3383 789 3479 eorsum,
817 3379 859 3460 (ν
889 3404 1014 3459 aurea
1281 3483 1284 3489 ι

567 3500 766 3575 Lucrasus
785 3484 922 3598 solida
946 3488 1108 3594 premia
1129 3485 1287 3595 gioria,

506 3608 620 3687 Dum
648 3601 796 3710 legatus
828 3596 887 3680 ad
903 3598 1044 3682 Adria

562 3724 730 3812 Patres,
757 3740 827 3819 pro
845 3714 982 3816 patria
1009 3709 1185 3794 mittitur
1212 3706 1386 3812 eloqutttt
1394 3735 1414 3807 ;

508 3831 570 3908 Er
599 3827 692 3909 dum
717 3851 784 3929 pro
818 3820 954 3928 miseris
985 3824 1058 3900 reis

569 3936 702 4020 Mollis
729 3934 834 4017 dura
862 3933 972 4013 nimis
995 3926 1155 4036 potiora
1172 3923 1383 4024 Judicum.

509 4055 579 4135 Ex
608 4047 678 4133 boe
692 4046 820 4160 sipist
846 4065 930 4127 tam
944 4038 1080 4149 probus

566 4161 758 4274 Surgebat
780 4160 966 4260 juvenis,
992 4150 1124 4236 dulcia
1144 4152 1306 4258 pignora

508 4276 653 4360 Felicis
678 4277 845 4383 patria,
874 4264 941 4377 nis

419 4486 422 4490 Ι
574 4385 752 4502 Obsinset
774 4384 954 4498 superum
974 4376 1098 4491 srma
1125 4370 1339 4489 necessitas,

504 4504 615 4625 Qun
643 4499 726 4584 sotii
753 4520 801 4582 ut
830 4519 974 4578 vacuas
1000 4489 1123 4573 domos

565 4614 770 4721 impleret,
799 4604 965 4717 lepidum
988 4630 1075 4690 eum
1095 4622 1214 4712 patre
1240 4597 1413 4710 liberum,

509 4728 698 4834 Lugentis
722 4727 868 4833 patrio·
896 4718 1024 4816 decus,

566 4844 672 4921 Hinc
701 4859 858 4945 raptum
876 4837 1019 4914 merita
1036 4827 1097 4915 ad
1101 4827 1247 4940 sydera
1263 4834 1478 4950 transulit.

471 4966 933 5094 lacobusBonfadius
951 4975 1005 5065 in
1019 4966 1218 5105 Epistola
1243 4967 1447 5111 supensos
1468 4981 1605 5075 citata
1630 4972 1685 5071 ad
1702 4985 1805 5071 Fot-¹

397 5146 627 5221 tunatum
656 5116 1043 5250 Matritengum,
1071 5120 1149 5213 cui
1178 5105 1315 5215 {uum
1341 5114 1398 5223 de
1424 5109 1660 5349 Benacegti
1701 5118 1813 5207 ooo

1088 5276 1090 5280 ’
1615 5283 1735 5350 emla
