4459 6750
494 932 589 1017 150
820 895 1182 1018 ORATO
1218 889 1425 1019 m,
1542 1023 1551 1042 .
1638 1021 1646 1040 .
1739 1018 1749 1033 .

412 1030 538 1134 illius
562 1043 727 1175 Operis
751 1031 1002 1136 editionem
1033 1034 1342 1137 liberalillrme
1368 1017 1698 1266 suppeditavrtt
1735 1001 1840 1106 llle

473 1175 730 1276 ttredecim
757 1185 851 1296 jam
878 1213 1026 1272 annos
1055 1175 1303 1272 Nizolium
1335 1170 1399 1269 ho
1417 1173 1533 1304 pitio
1561 1185 1835 1288 acceperat,

413 1211 639 1450 liiijulque
663 1311 850 1430 literas,
878 1326 925 1411 δι
954 1313 1104 1412 studia
1129 1307 1353 1410 omnibus
1390 1301 1524 1403 rebus
1550 1289 1737 1404 fovere,
1777 1301 1831 1382 &

412 1461 603 1550 excitare
620 1484 868 1587 nunquam
885 1449 1132 1548 destiterat.
1163 1455 1399 1543 Eximiam
1419 1477 1516 1537 non
1533 1425 1829 1582 iplrusJoan-

410 1597 482 1691 nis
504 1585 725 1689 Francilci
744 1621 927 1685 tautum
946 1659 967 1702 ,
998 1583 1071 1684 sed
1092 1591 1243 1684 totius·
1256 1583 1428 1680 domus
1446 1566 1690 1729 G'ambarat
1712 1599 1824 1660 mu-

414 1725 699 1830 nificentiam
714 1720 909 1824 celebrat
924 1720 1147 1824 Nizolius
1165 1731 1215 1823 in
1229 1722 1587 1855 'Nuncupatotia
1611 1708 1667 1806 ad
1680 1702 1825 1810 rllum

415 1864 655 2004 Epistola,
687 1879 735 1964 &
757 1884 969 2003 praeterea
1002 1860 1310 2000 religionem,
1348 1866 1599 1998 pietatem,
1630 1879 1826 1946 morum

414 1998 724 2120 suavitatem,
753 1998 1020 2140 caeterasque
1057 2011 1273 2118 virtutes,
1310 2035 1356 2098 at
1392 1995 1474 2096 has
1510 2025 1676 2091 omnes
1711 2020 1828 2083 cum

413 2136 515 2240 aliis
531 2138 815 2278 principibus
828 2149 955 2244 Viris
979 2176 1255 2240 communes
1276 2135 1431 2238 eidem
1455 2132 1691 2232 affirmans
1704 2202 1719 2245 ,
1736 2122 1827 2263 ipst

412 2281 579 2396 Joanui
590 2275 826 2379 francisco
844 2315 1069 2418 tanquam
1084 2288 1324 2420 proprium
1340 2271 1504 2376 tribuit
1531 2269 1754 2382 scientiae,
1773 2303 1832 2388 ac,

411 2412 644 2557 sapientire
669 2419 880 2519 studium
894 2428 1099 2558 ;quippe
1118 2427 1207 2558 qui
1229 2433 1281 2518 &
1299 2409 1583 2519 doctilltmos
1607 2403 1821 2549 quosque

413 2553 657 2696 utriusque
677 2555 856 2697 linguat
869 2565 1121 2697 Scriptores,
1140 2554 1403 2697 frequentet
1431 2551 1632 2692 legeret,
1669 2563 1716 2649 &
1737 2553 1825 2644 Ci-

414 2706 595 2795 ceronis
615 2697 812 2798 lestione'
836 2734 979 2835 quam
1007 2706 1212 2803 maxime
1241 2693 1590 2811 delestaretur,
1614 2694 1731 2927 Quin
1769 2697 1824 2809 δι

398 2846 515 2956 „ejus
547 2834 733 2934 dicendi
757 2861 913 2971 genus,
939 2832 1046 2935 lane
1080 2872 1231 2974 quam
1265 2832 1458 2944 feliciter
1494 2832 1638 2943 adum
1675 2859 1829 2927 taret.

414 2977 577 3068 Patent
596 2971 692 3068 lraec
712 2981 874 3071 omnia
896 3012 955 3071 ex'
970 3012 1021 3073 ea
1043 2971 1246 3110 Epistola
1268 2978 1648 3110 Nuncupatoria,
1675 3000 1827 3107 quam

413 3119 622 3232 jamjam
646 3105 874 3229 recitabo,
900 3111 1150 3253 postquam
1172 3109 1338 3215 scilicet
1360 3121 1601 3214 Letllorem
1628 3143 1835 3207 monue-

413 3284 472 3345 10·
488 3319 503 3364 2
538 3254 588 3345 in
607 3244 883 3347 Annalibus·-
900 3251 1275 3392 T'ypograpb'icis
1294 3261 1594 3354 'mentionem
1633 3244 1829 3373 nullam·

413 3382 511 3488 fieri
529 3383 786 3529 conspicuae
807 3385 953 3515 hujus·
973 3393 1233 3495 Editionis.
1337 3492 1342 3500 ,
1703 3400 1707 3410 ’

432 3567 445 3582 ·’
490 3542 656 3629 Μανὶιιε
676 3537 864 3628 Nizolius
886 3546 1135 3650 Brixellensss
1149 3548 1307 3656 Joanm'
1320 3543 1525 3652 Francifto
1548 3548 1758 3636 Gambara
1835 3508 1838 3514 ,

1045 3680 1247 3769 S.D.P.'

408 3780 519 3988 IN
538 3792 655 3877 omui
675 3820 851 3881 munere
871 3796 1113 3909 largiendo,
1134 3803 1375 3893 &omniuo
1395 3809 1437 3894 in
1457 3813 1573 3896 omni
1597 3810 1743 3897 officio
1760 3805 1828 3893 tri·

498 3902 701 4003 buendo,
728 3932 832 3993 cum
851 3909 989 3995 multa
1010 3910 1093 3998 alia
1114 3916 1413 4007 confideronda
1433 3921 1828 4028 arbitror‚Joannet

409 4005 632 4101 francisce
651 4014 907 4119 Gambara,
933 4044 1033 4107 tum
1063 4024 1104 4109 in
1126 4030 1274 4138 primis
1300 4032 1417 4132 duo,
1441 4037 1676 4146 primum,
1708 4053 1761 4118 ut
1789 4029 1825 4114 ei

409 4126 667 4238 larm'amut,
696 4132 765 4215 cui
786 4132 1020 4243 plurimam
1040 4140 1223 4247 gratiam
1243 4139 1664 4245 debeamus,deinde
1679 4148 1719 4228 ei
1730 4141 1826 4257 ,qui

410 4265 464 4323 eo
480 4262 656 4323 munere
672 4267 806 4353 quam
824 4238 1082 4356 dignilltmua
1098 4247 1180 4333 else
1198 4250 1417 4364 videat-ur,
1447 4254 1516 4340 Sic
1536 4261 1651 4342 enim
1671 4256 1720 4341 &
1742 4253 1828 4341 offi·

411 4349 473 4432 cii·
486 4350 613 4457 ipfius
633 4356 743 4436 tatio
762 4356 975 4465 postulat,
1004 4356 1051 4447 &
1071 4360 1367 4450 irat-ruditum
1385 4365 1444 4451 est
1462 4366 1620 4473 abiis,
1648 4370 1727 4480 qui
1750 4367 1825 4451 hac

410 4458 465 4541 de
485 4483 530 4540 te
549 4483 757 4571 praecepta
778 4465 897 4552 nobis
917 4467 1182 4580 reliquerunt
1202 4538 1211 4557 .
1243 4466 1543 4585 Quamobrem
1573 4508 1674 4564 cum
1694 4477 1826 4565 absol·

407 4564 556 4650 viffem
576 4566 650 4652 has
662 4566 993 4663 Observationes
1012 4604 1129 4665 meas
1150 4586 1191 4664 io
1204 4584 1266 4666 Μ.
1280 4586 1477 4675 Tullium
1489 4592 1748 4677 Ciceronem·
1757 4611 1829 4692 ,ac

408 4676 571 4774 decis,
595 4698 648 4783 ut
674 4688 888 4788 mosell,
918 4688 1108 4773 dicandiu
1135 4698 1605 4813 mecum'cogitarem,
1635 4723 1686 4788 tu
1717 4695 1828 4788 mihi

405 4788 571 4918 primus
588 4795 783 4878 omnium
805 4797 948 4885 statim
974 4802 1227 4906 occurristi,
1253 4810 1330 4923 qui
1344 4810 1439 4899 hoc
1456 4816 1669 4918 muueris,
1699 4812 1828 4929 qualo

406 4898 454 4988 rd
472 4923 637 5012 cunque
655 4901 780 5005 esset,
806 4909 889 4992 tibi
906 4907 1022 5021 quali
1047 4910 1130 4997 ruo
1142 4912 1239 5017 jure
1258 4922 1491 5010 vindicares
1512 4991 1522 5012 .
1551 4922 1675 5014 Nam
1695 4953 1828 5042 quan·

440 5035 539 5095 uam
559 5011 704 5123 possim
731 5018 893 5106 multos
913 5047 1251 5117 commemorate
1266 5090 1281 5134 ,
1308 5030 1485 5149 quibus·
1517 5040 1732 5128 lutimum
1759 5038 1830 5125 de·-

463 5149 514 5241 o,
533 5120 581 5215 δι
599 5125 643 5217 iu
661 5128 712 5218 iia
729 5133 943 5251 precipue
959 5134 1323 5250 maritimum&
1334 5147 1468 5263 ampli
1515 5149 1827 5254 triumvirum,

582 5286 585 5291 .
749 5276 752 5281 ·
1672 5291 1780 5355 eurt-
