4459 6750
409 1058 413 1067 ι
493 954 580 1034 118
798 937 880 1035 Μ.
949 933 1426 1053 ANNAEUS

501 1114 686 1226 Journer
703 1111 956 1196 Britannicus
978 1110 1197 1244 Brixianos
1227 1107 1454 1222 Hieronymo
1477 1092 1737 1208 «Advocato,

712 1250 917 1356 ,Ambrofii
931 1243 1260 1361 Jurisconsulrie.
1269 1249 1314 1332 F.
1348 1245 1543 1332 Salutem.

528 1395 600 1479 On
619 1395 781 1510 possum
802 1394 946 1476 nollris
964 1389 1254 1498 temporibus,
1282 1384 1548 1491 Hieronyme
1567 1386 1830 1488 Advocate,

451 1514 454 1521 '
558 1515 716 1591 mirum
736 1509 776 1587 in
797 1503 974 1585 modum
997 1527 1077 1580 non
1096 1497 1299 1606 gratulari
1310 1523 1330 1594 ;
1359 1499 1495 1607 prisca
1513 1502 1626 1582 enim
1660 1498 1742 1584 illa
1772 1506 1829 1583 vi·

416 1618 520 1702 deor
539 1619 683 1700 videre
701 1614 872 1712 saecula,
889 1609 1045 1722 quibus
1060 1635 1111 1691 eo
1131 1612 1174 1690 in
1192 1606 1378 1690 culmine
1406 1636 1507 1692 cum
1536 1609 1796 1697 Graecarum
1815 1663 1829 1710 ‚

416 1749 513 1809 tum
536 1726 786 1808 Latinarum
807 1725 1028 1804 literarum
1049 1717 1185 1801 studia
1205 1714 1347 1814 fuere,
1375 1742 1423 1799 ut
1444 1718 1500 1803 ad
1527 1719 1761 1833 utriusque
1790 1750 1850 1804 o·-

415 1837 587 1919 rationis
607 1833 858 1918 facultatem
880 1829 1101 1914 desderari
1121 1827 1237 1910 baud
1261 1825 1498 1935 quidquam
1526 1824 1665 1937 posset
1689 1892 1699 1911 .
1730 1826 1827 1915 Per·

415 1947 610 2055 spicuum
632 1947 745 2027 enim
765 1944 884 2025 nobis
899 1941 956 2023 est
976 1940 1064 2020 haec
1085 1938 1222 2020 nostra
1241 1936 1401 2036 studia,
1429 1965 1521 2048 quae
1542 1943 1717 2049 penitus
1733 1940 1825 2041 iam

412 2057 634 2152 trecentis,
665 2075 740 2137 aut
762 2055 854 2160 plus
872 2078 925 2132 eo
952 2053 1038 2148 (ut
1060 2047 1268 2156 arbitror)
1296 2051 1437 2144 annis,
1469 2045 1551 2131 sive
1572 2070 1826 2162 temporum

412 2165 662 2270 iniquitate,
693 2163 778 2243 five
804 2162 1028 2243 hominum
1056 2158 1239 2249 incuria,
1269 2153 1316 2237 ὅ(
1346 2159 1598 2267 negligentia
1627 2160 1825 2246 excindit

413 2292 560 2365 erant,
584 2271 674 2370 jam
694 2294 820 2353 aetate
838 2269 974 2351 nostra
993 2271 1052 2348 ita
1073 2261 1291 2364 reluxisse,
1309 2284 1358 2347 ut
1380 2267 1505 2351 nostri
1526 2266 1730 2357 homines
1749 2278 1828 2384 pri·

414 2379 494 2463 scis
514 2380 598 2462 illis
614 2381 824 2488 adaequari
842 2375 930 2462 fere
949 2375 1117 2487 possint.
1148 2375 1313 2458 Scimus
1329 2379 1442 2461 enim
1461 2377 1556 2462 illos
1574 2381 1618 2462 i'n
1637 2380 1826 2466 scriben-

413 2489 470 2573 do
501 2490 793 2572 immortalem
837 2486 1013 2597 quidem
1046 2485 1228 2595 gloriam
1276 2478 1349 2566 fibi
1382 2487 1621 2598 peperisse,
1658 2490 1711 2577 ἃ
1741 2495 1828 2580 lau·

412 2599 537 2698 dem,
562 2599 754 2682 divinum
773 2599 886 2681 enim
903 2595 1148 2706 quoddam,
1179 2595 1322 2702 potius
1347 2622 1480 2706 quam
1503 2598 1748 2688 humanum
1769 2607 1827 2688 in·

441 2711 584 2797 enium
607 2706 769 2815 scriptis
790 2706 1178 2788 suisollenderunt.
1214 2700 1371 2788 Nostra
1392 2734 1497 2790 vero
1510 2731 1639 2795 retate
1656 2740 1710 2798 ea
1733 2744 1830 2826 pro·

413 2735 610 2898 seruntur
628 2815 852 2897 hominum
871 2815 1055 2920 ingenia,
1081 2839 1176 2923 qux
1203 2833 1376 2898 tantum
1398 2816 1485 2927 ipsa
1516 2818 1656 2908 laudis
1674 2825 1834 2909 intelli·

415 2921 577 3032 gendo,
605 2945 817 3031 quantum
834 2923 895 3004 illi
920 2921 1138 3003 scribendo
1157 2924 1429 3032 promeruisse
1449 2927 1678 3033 valuerunt
1699 2996 1711 3018 .
1746 2935 1834 3019 Mi·

413 3057 562 3113 norem
579 3035 694 3115 enim
712 3060 792 3140 ego
810 3033 1018 3116 virtutem
1036 3030 1284 3115 censendam
1304 3062 1385 3116 non
1417 3058 1554 3147 puto,
1580 3070 1686 3125 cum
1718 3045 1829 3128 Poe·

410 3161 581 3237 tarum,
610 3145 682 3250 qui
702 3141 1054 3252 divinoquodam
1074 3167 1171 3240 ore,
1199 3140 1246 3224 dc
1277 3143 1447 3252 pesiore
1472 3155 1652 3243 carmina
1683 3152 1828 3236 ellim·

409 3250 544 3350 dunt,
572 3274 789 3350 mentem,
817 3251 866 3336 δι
894 3250 1062 3337 sensum
1082 3251 1315 3360 intelligas,
1334 3257 1464 3368 idque
1480 3258 1559 3349 tibi
1574 3261 1706 3363 liceat
1728 3293 1836 3377 ape·

330 3395 332 3399 ⁴
406 3362 633 3473 rire,qu0d
655 3361 730 3473 ipfi
750 3361 918 3474 plerum
952 3390 1004 3446 ue
1020 3360 1077 3446 ad
1095 3363 1249 3473 ingenii
1266 3362 1330 3448 sui
1349 3368 1687 3479 magnitudinem
1697 3373 1836 3460 osten.

409 3470 595 3552 dendam
622 3471 854 3553 obscurum
881 3388 962 3568 esse
979 3471 1236 3571 voluerunt,
1262 3474 1310 3557 ὅ(
1340 3480 1415 3561 vix
1433 3483 1637 3597 cuiquam
1669 3509 1830 3595 praeter

405 3579 428 3686 (
439 3599 489 3661 ut
510 3576 658 3679 ajunt)
687 3575 856 3673 Musas,
871 3576 920 3660 ὅ(
941 3577 1187 3684 Apollinem
1204 3583 1498 3696 intelligibile.
1543 3584 1830 3711 Quapropter

420 3690 484 3780 ¹ui
525 3690 566 3765 in
598 3686 925 3794 interpretandis
950 3684 1092 3771 Poetis
1128 3691 1182 3774 ad
1216 3718 1490 3786 communem
1516 3708 1719 3793 omnium
1752 3715 1828 3794 uti-

407 3712 591 3876 iitatem
602 3844 619 3891 ,
646 3821 744 3876 cum
763 3822 818 3877 ex
846 3797 895 3880 iis
911 3823 1039 3880 omne
1052 3826 1180 3908 genus
1199 3801 1382 3891 scientie
1401 3816 1477 3912 (ut
1496 3815 1638 3918 nolli)
1658 3822 1831 3933 eolliga.

411 3925 512 4000 tur,
544 3901 697 3988 versati
717 3904 846 4004 sunt,
879 3906 932 3989 de
951 3905 1195 4019 Republica
1223 3912 1434 4008 Literaria
1463 3922 1722 4016 benemeriti
1756 3942 1831 4016 line

401 4012 689 4101 ¹controversia
711 4015 805 4099 sunt
825 4016 1016 4101 censendi
1036 4073 1050 4117 ,
1078 4047 1313 4135 eorumque
1330 4030 1614 4140 industriam,
1644 4039 1698 4126 δι
1718 4043 1832 4128 labo·

409 4144 500 4207 rem
529 4128 603 4234 qui
634 4152 715 4206 non
744 4127 925 4224 laudet,
953 4129 1214 4233 admiretur,
1243 4135 1291 4221 δι
1319 4166 1388 4225 ma
1421 4144 1592 4234 nifaciat
1609 4207 1624 4250 ,
1657 4154 1830 4239 invidia

410 4232 646 4343 suspicione
675 4234 1006 4345 haudquaquam
1025 4268 1166 4325 carere
1184 4244 1314 4331 debet
1333 4310 1343 4330 .
1380 4170 1501 4364 {uid
1520 4262 1638 4345 enim
1660 4270 1828 4376 turpius

407 4366 541 4450 quam
564 4343 764 4425 univerfis
793 4346 897 4429 bene
913 4349 1200 4435 consulentem
1220 4358 1503 4466 detrasiione,
1533 4367 1581 4454 δι
1601 4373 1830 4460 calumniis

409 4448 600 4534 insedisti
622 4453 640 4531 ?
670 4452 717 4535 ὅ(
736 4454 848 4538 illius
876 4455 1037 4542 famam
1064 4463 1174 4546 velle
1193 4472 1471 4577 extinguere,
1500 4480 1573 4590 qui
1595 4485 1832 4571 multisni-

403 4559 536 4667 giliis,
556 4560 602 4642 δε
625 4562 863 4662 laboribus,
893 4569 983 4650 aliis
1004 4573 1143 4679 potius
1171 4602 1300 4686 quam
1322 4582 1418 4681 fibi,
1450 4588 1644 4699 prodesse
1669 4595 1828 4684 studet?

401 4669 454 4752 Io
482 4694 569 4778 quo
595 4673 769 4780 quidem
798 4702 948 4784 genere
977 4678 1004 4761 si
1034 4682 1244 4792 quispiam
1274 4696 1429 4776 merito
1458 4698 1708 4791 laudandus
1738 4710 1828 4807 est,

398 4775 602 4880 Ioannem
622 4780 854 4870 Taberium
874 4811 1192 4877 conterraneum
1213 4798 1424 4903 nostrum,
1453 4810 1527 4919 qui
1550 4815 1633 4908 (ut
1661 4815 1777 4921 scis)
1793 4824 1827 4905 io

399 4889 481 4975 hac
500 4892 636 4975 nostra
662 4893 780 4977 Urbe
801 4896 1081 4984 florentissima
1101 4931 1200 5013 cum
1222 4907 1406 5013 Graecis,
1423 4903 1520 5003 tum
1543 4918 1723 5015 Latinis
1742 4933 1825 5018 lite

398 5006 451 5125 ris
482 5002 768 5096 ornatissimus
795 5005 842 5092 ἃ
871 5006 1052 5094 habetur
1072 5067 1088 5110 ,
1112 5015 1173 5099 ὃ(
1204 5020 1495 5127 predicatur,
1521 5034 1823 5131 extollendum

400 5112 570 5208 Judico.
602 5115 646 5203 ls
668 5119 780 5202 enim
791 5177 805 5223 ,
826 5146 926 5205 cum
946 5145 1013 5207 eos
1033 5122 1374 5219 Commentarios
1396 5137 1437 5221 in
1457 5137 1741 5239 Pharsaliam
1755 5155 1824 5241 Lu·

1663 5274 1780 5371 cani,
