4459 6750
362 1075 365 1081 -
425 1012 500 1096 sim
519 1005 752 1121 aggressus.
782 1006 974 1096 Tantum
992 1033 1139 1096 autem
1153 1039 1181 1097 a
1201 1037 1270 1095 me
1287 1007 1450 1112 abfuit,
1477 1009 1525 1095 &
1553 1014 1667 1100 abest
1686 1016 1827 1121 hujus·

422 1122 538 1205 modi
560 1147 689 1203 vanus
709 1121 877 1204 invidiae
893 1143 1059 1220 metus,
1086 1143 1137 1205 ut
1157 1122 1298 1206 multo
1315 1121 1509 1222 avidius,
1529 1149 1659 1233 quam
1679 1127 1828 1214 statue·

422 1259 540 1330 ram,
571 1229 813 1341 susceptum
840 1257 867 1312 o
900 1260 945 1314 us
974 1233 1309 1317 maturaverim.
1349 1228 1469 1315 Nam
1499 1259 1599 1315 oum
1631 1234 1681 1318 srt
1699 1239 1826 1322 consr-

422 1341 531 1426 lium
551 1367 697 1424 meum
713 1340 824 1439 luci,
931 1340 1078 1428 honori
1096 1341 1174 1426 suo
1193 1343 1410 1426 restituere
1429 1341 1681 1444 Catullum,
1698 1373 1829 1456 quan·

422 1474 470 1536 to
490 1451 630 1561 plures
647 1448 761 1536 doeti
782 1450 874 1535 Viri
904 1479 1099 1538 mearum
1119 1453 1527 1564 interpretationum
1557 1454 1825 1542 aemulatione

420 1562 730 1664 movebuntur,
758 1579 879 1647 tanto
896 1562 1042 1649 utilius
1059 1560 1275 1647 consulent
1296 1560 1438 1650 Poeta
1457 1563 1724 1665 nostro,&in
1764 1571 1824 1651 ui·

424 1673 502 1758 bus
520 1699 596 1782 ego
611 1670 907 1762 imbecillitate
925 1675 1077 1782 ingenii
1098 1674 1295 1758 detentus
1318 1670 1534 1772 defecero,
1564 1591 1825 1760 studiofilro·

424 1786 555 1865 mines
572 1810 673 1867 cura
693 1785 883 1892 peritius,
894 1781 1204 1894 perfedliusque
1220 1784 1576 1869 dicendiliteratae
1589 1781 1824 1888 juventuti,

420 1919 490 1976 me
508 1893 631 1993 duce,
651 1890 926 1976 satisfacient:
944 1890 1026 1976 hoc
1045 1897 1175 1979 modo
1192 1891 1386 2004 auspiciis
1405 1897 1508 1979 meis
1526 1895 1733 2002 paulatim
1752 1899 1826 1982 ad·

402 2021 405 2028 ·
413 2001 635 2101 juvabitur
653 2001 798 2085 Poeta
827 2004 990 2100 noster,
1018 2026 1146 2114 atque
1180 2032 1254 2116 per
1283 2003 1443 2089 multos
1471 2003 1701 2114 Scriptores
1732 2010 1823 2116 pari

419 2110 556 2193 studio
583 2132 723 2193 motos
751 2112 876 2197 decus
905 2113 1028 2197 suum
1056 2115 1299 2222 reparabit.
1347 2112 1444 2198 Nec
1480 2112 1588 2198 mihi
1627 2116 1819 2199 multum

415 2217 592 2305 molesta
612 2223 693 2302 erit
711 2225 946 2305 communis
962 2227 1155 2308 omnium
1166 2225 1431 2334 Scriptorum
1449 2222 1533 2307 sors
1553 2222 1752 2323 adversa,
1764 2227 1824 2308 ins
1938 2309 1943 2315 ,

417 2329 618 2414 vidorum
636 2329 957 2432 maledicentia,
986 2331 1034 2416 ὅ(
1062 2334 1342 2436 obtrectatio,
1358 2360 1461 2447 quas
1482 2362 1508 2419 a
1527 2333 1706 2419 conditis
1725 2335 1830 2417 liteo·

415 2467 608 2526 rerarum
628 2445 910 2527 monumentis
927 2445 1105 2526 evitavit
1126 2472 1249 2529 nemo
1272 2475 1284 2546 ;
1316 2472 1390 2528 nec
1409 2449 1519 2529 inter
1547 2471 1691 2528 omnes
1714 2442 1822 2528 Scri·

415 2556 801 2661 ptoresquisquam
820 2572 913 2636 tam
928 2549 1043 2636 felici
1061 2550 1145 2638 fuit
1165 2558 1350 2664 ingenio,
1382 2558 1457 2666 qui
1479 2553 1546 2636 vel
1567 2555 1608 2634 in
1627 2555 1818 2661 magnis,

412 2658 482 2742 vel
502 2661 545 2742 in
569 2664 707 2770 parvis
721 2661 863 2771 aliqua
882 2689 935 2747 ex
950 2682 1068 2771 parte
1088 2692 1168 2747 non
1180 2666 1403 2748 erraveritt
1416 2663 1519 2778 Qso
1538 2658 1660 2761 sit,ut
1682 2665 1819 2746 minus

412 2767 588 2853 moleste
606 2767 683 2852 fim
704 2769 918 2856 subiturus
938 2773 1045 2857 hanc
1063 2800 1335 2859 communem
1354 2773 1511 2858 sortem
1534 2780 1552 2865 ,'
1571 2799 1702 2880 quam
1734 2773 1824 2856 nula

412 2880 457 2962 lo
476 2880 605 2963 modo
623 2906 772 2965 cavere
791 2881 1042 2992 potuissem,
1071 2883 1144 2968 nisi
1163 2888 1333 2968 omnino
1355 2883 1459 2967 nihil
1488 2907 1675 2991 unquam
1696 2881 1824 2991 scrip·

411 2987 543 3071 srslem
556 3050 575 3092 ,.
597 2993 712 3102 quod
731 2993 973 3102 pessimum,
992 3013 1122 3102 atque
1139 2992 1540 3080 calamitofissrmum
1561 2993 1711 3075 virtuti
1731 3018 1826 3074 con·

410 3098 549 3185 silium
580 3099 826 3186 homnibus
842 3102 1124 3211 scriptoribus
1150 3103 1319 3198 fuisset,
1347 3105 1462 3190 nulla
1482 3104 1704 3186 literatum
1735 3130 1824 3184 mov

410 3231 613 3294 numenta
642 3239 830 3318 unquam
859 3211 1111 3311 extitissent3
1139 3239 1223 3323 qua
1247 3212 1414 3313 jaetura
1441 3214 1545 3322 quid
1579 3209 1708 3320 posset
1738 3209 1819 3294 esse

412 3318 679 3429 perniciofius
699 3321 921 3402 hominum
932 3321 1129 3428 ingeniis?
1150 3321 1446 3431 Quamobrem
1457 3319 1827 3429 quodincommo·

414 3432 519 3513 dum
539 3425 792 3510 doetiffimus
815 3427 1024 3535 quisque,
1054 3455 1103 3511 ac
1123 3430 1287 3511 divinus
1306 3426 1494 3536 Scriptot
1523 3452 1604 3508 non
1632 3425 1825 3509 reformi-

411 3541 610 3635 daverit,
639 3563 740 3645 ego,
759 3533 833 3618 etfi
852 3562 934 3618 non
953 3534 1121 3619 summo
1142 3539 1335 3645 ingenio,
1364 3535 1651 3645 mediocrique
1671 3534 1825 3619 dosiri·
1887 3546 1891 3554 '

410 3678 487 3748 na,
516 3673 597 3731 nou
616 3666 759 3730 tamen
777 3647 914 3729 minus
942 3672 1062 3756 atquo
1080 3646 1223 3729 animo
1242 3643 1336 3727 sum
1356 3645 1552 3744 laturus,
1581 3645 1687 3752 dum
1706 3643 1825 3728 labo·

411 3789 481 3859 re,
510 3758 671 3855 studio,
701 3756 903 3840 industria
931 3754 1085 3867 profim
1105 3754 1205 3840 Civi
1235 3782 1360 3839 meo.
1391 3752 1565 3838 Etenim
1593 3752 1623 3835 sr
1651 3751 1819 3839 Servius
1876 3775 1882 3780 ·

410 3868 678 3980 peritissimus
696 3866 1016 3960 Grammaticus
1044 3869 1086 3949 in
1108 3866 1349 3976 Virgilianis
1382 3864 1822 3975 expofitionibus-Ca·
1850 3965 1857 3972 ι
1941 3884 1952 3902 ·

411 4007 538 4092 prum
550 3977 818 4078 ,Urbanum‚
834 3976 1057 4086 Hyginum
1069 3976 1349 4077 ‚Didimum,
1369 3972 1583 4071 Probum,
1606 3972 1817 4083 Asprum,

410 4094 659 4188 Donatum,
691 4086 933 4199 multosque
959 4089 1061 4171 alios
1084 4085 1250 4195 Virgilii
1280 4083 1552 4167 Enarratores
1580 4083 1748 4165 secutus
1779 4086 1820 4164 in

408 4203 603 4311 plurimis
639 4195 787 4283 errasse
814 4196 1146 4307 deprehenditur
1175 4252 1189 4294 ,
1219 4195 1265 4280 ὅ(
1296 4192 1566 4278 nihilominus
1596 4188 1824 4275 doetiffimi

408 4312 697 4396 Grammatici
716 4335 896 4407 nomen,
928 4305 975 4390 dt
995 4306 1249 4417 dignitatem
1281 4305 1584 4404 nonamittit,
1612 4328 1690 4412 ego
1720 4299 1823 4413 quo·

407 4449 491 4533 que
520 4449 545 4505 a
578 4418 828 4503 Ledsoribus
857 4445 936 4501 non
965 4416 1204 4503 inhumanis
1232 4413 1548 4527 aliquantulum
1578 4414 1707 4496 venia
1737 4412 1826 4522 spe·

405 4560 499 4617 rare
519 4527 706 4643 possum,
736 4527 784 4612 ὅ(
802 4529 965 4630 debeo,
993 4552 1129 4638 quum
1150 4530 1192 4610 in
1212 4528 1292 4609 hoc
1323 4550 1545 4637 perquam
1578 4520 1740 4607 difficili
1760 4520 1823 4606 0·

403 4670 504 4750 pere
523 4633 837 4753 interpretando
857 4638 1012 4722 ducem
1041 4637 1187 4721 nasius
1214 4642 1449 4733 nemiuem,
1474 4634 1522 4717 δι
1547 4635 1681 4718 studio
1704 4631 1820 4717 satis'-
1864 4659 1868 4665 ·

403 4749 584 4836 faciendi
614 4752 792 4837 literatis
812 4746 1040 4849 juvenibus
1070 4803 1086 4849 ,
1111 4745 1159 4830 δε
1188 4741 1308 4828 fimul
1337 4745 1574 4845 adjuvandi.
1587 4743 1706 4827 Civis
1727 4742 1823 4825 ‘mei
1879 4784 1884 4790 ·
1954 4754 1982 4791 Ψ

402 4889 583 4958 amore,
609 4889 658 4946 ac
680 4864 839 4971 pietate
870 4881 1040 4943 tantum
1071 4885 1176 4941 meae
1196 4853 1447 4966 professionis
1475 4883 1603 4953 onus,
1632 4872 1822 4966 tant-um·

434 5002 487 5056 ue
505 4972 670 5055 invidiae
698 4967 935 5082 periculum
955 4965 1239 5080 susceperim.
1266 4962 1391 5049 Nam
1410 4990 1675 5076 quamquam
1708 4961 1754 5043 ὅ(
1777 4963 1819 5041 in
1861 5006 1862 5010 κ

400 5002 598 5186 hraecis,
627 5078 675 5166 dt
702 5084 743 5163 in
773 5078 933 5165 Latinis
973 5073 1339 5274 nullumKlibrum
1372 5079 1503 5187 magis
1535 5094 1816 5265 corruptzm,

1572 5231 1577 5241 -
1610 5205 1759 5290 magr·
