4459 6750
565 871 1274 1004 GRAMMATICA.
1488 912 1554 999 ι’

210 1010 416 1133 stotetn,
452 1021 717 1142 ferretum,
752 1031 1081 1162 Sipontinum,
1115 1024 1454 1138 Omnibonum
1474 1108 1493 1156 ,
1510 940 1622 1160 ‘'Gtss

206 1161 411 1290 guinum
425 1228 442 1277 ,
459 1150 1049 1296 Sulpicium,Torteiium,
1063 1173 1352 1289 Juniauum.
1380 1172 1630 1285 toenitii<

203 1331 470 1399 meantem
491 1292 736 1402 infestatur
759 1298 992 1405 Phineum
1016 1306 1297 1446 quendam,
1330 1321 1410 1415 cui
1435 1294 1620 1423 mlum

205 1471 319 1539 mox
344 1445 397 1535 in
419 1428 730 1574 ipsaEpistola
739 1445 1095 1579 Nuncupatotia
1118 1447 1309 1566 indicit,
1324 1485 1438 1553 nam
1462 1449 1533 1555 ibi
1558 1455 1619 1557 d'e

198 1573 622 1677 'calumniatoribus
642 1572 771 1698 suis,
805 1614 924 1717 quos
954 1587 1426 1714 Quintianomastices
1451 1628 1617 1716 vocat,

204 1751 522 1853 conquerens,
591 1737 740 1822 unum
761 1726 964 1856 princeps
984 1719 1147 1856 semote
1165 1726 1190 1850 (
1201 1729 1389 1862 inquit)
1423 1725 1615 1857 Phinea,

204 1864 403 1990 quocirca
425 1753 650 1994 sepissime
673 1865 927 1960 nominatim
957 1868 1006 1960 in
1024 1896 1120 1962 tum
1141 1897 1208 1964 me
1230 1862 1416 1982 inuehi,
1438 1902 1518 1993 nott
1535 1880 1618 1971 mi-

207 1994 411 2094 rabimini
423 2069 433 2092 .
470 1997 660 2132 Insurgit
676 1998 872 2115 ,latrat‚
893 1998 1168 2130 indignatur,
1190 2003 1424 2141 aliquando
1443 2005 1619 2125 latrans

208 2128 400 2263 insonat,
421 2132 615 2265 insonans
635 2133 816 2266 insanit,
834 2134 1043 2270 insaniens
1054 2138 1218 2271 surs'tt
1250 2169 1323 2246 ter
1346 2175 1509 2247 mactem
1526 2143 1619 2278 dss-

192 2278 438 2404 putationis
456 2281 606 2400 grotia
629 2265 880 2414 congressum
914 2284 979 2378 ito
1002 2286 1226 2399 contrivi,
1259 2310 1312 2382 nt
1339 2315 1475 2401 nunt,
1509 2282 1615 2383 licet

198 2404 376 2540 absens,
409 2443 556 2511 nornen
578 2409 794 2543 formidet
817 2448 983 2521 meum:
1006 2415 1324 2546 formidantem
1357 2429 1402 2521 in
1431 2428 1618 2537 trivios,

197 2581 254 2645 ac
274 2549 441 2646 vibium
466 2558 769 2685 queritantem
784 2562 1110 2688 permittamus.
1150 2552 1242 2654 Vel
1266 2552 1419 2692 ipsum
1442 2554 1611 2655 Phinei

198 2717 376 2783 nomen
412 2688 482 2784 -ad
528 2697 797 2788 convicium
849 2690 1048 2790 traducit
1080 2698 1373 2829 Quintianus
1406 2701 1612 2830 Epogtn-

199 2817 362 2959 phium
383 2831 600 2961 quintam
624 2834 689 2926 ita
714 2823 962 2930 claudens:
998 2826 1164 2932 Phinea
1193 2833 1380 2951 lateris,
1421 2839 1494 2932 nia
1519 2831 1609 2932 bac

190 2968 346 3096 quitto
373 2962 521 3069 msiro
548 2966 609 3067 ad
629 2965 876 3069 umbilicum
889 2967 1093 3104 perduiia
1102 2963 1168 3099 stt
1182 2870 1486 3107 Epograpsia.
1521 2968 1605 3072 Fi·

190 3107 263 3203 nis
274 3128 406 3237 prope
431 3097 522 3233 tsi,
548 3142 632 3241 qno
652 3106 710 3207 ad
728 3137 972 3210 extremum
990 3107 1189 3209 traharis
1200 3110 1486 3338 snpplicintn.

274 3243 378 3336 Nec
402 3235 489 3377 ipsu
514 3252 628 3339 Stoae
650 3251 964 3358 conterranei,
998 3239 1191 3373 Pylades
1218 3238 1279 3339 sci
1298 3250 1410 3360 icet,
1432 3253 1610 3343 Britan·

194 3382 367 3494 nicus,
395 3392 440 3476 δι
462 3386 703 3478 Barzizius
717 3451 734 3496 ,
759 3395 857 3503 ejus
887 3387 1072 3513 virgam
1092 3374 1361 3482 evaserumt
1398 3416 1496 3475 non
1528 3415 1611 3513 pu-

202 3508 365 3616 riffimi
390 3522 650 3618 Latinitatis
674 3510 858 3631 fontes,
895 3507 1150 3629 Barbarus,
1169 3507 1454 3632 Politianus,
1474 3547 1612 3653 atque

198 3659 444 3755 Manutius
467 3694 483 3765 t
520 3690 619 3754 non
639 3652 842 3790 denique
866 3655 900 3746 ii
924 3644 1010 3786 ipsi
1035 3721 1050 3768 ,
1085 3684 1204 3788 quos
1227 3656 1392 3788 magni
1424 3644 1467 3750 se
1490 3646 1611 3782 face-

198 3830 249 3893 re
275 3789 485 3930 pluribus
506 3800 561 3893 in
586 3789 698 3890 locis
719 3786 956 3928 profitetur
967 3859 983 3906 ,
1006 3822 1145 3927 atque
1171 3784 1439 3890 honorificis
1461 3785 1612 3892 verbis

198 3964 544 4029 commemorat
569 3926 690 4027 insu
749 3937 844 4027 rius
862 3926 1058 4029 indicata
1081 3934 1454 4063 praemonitione.
1491 3936 1611 4029 Eam

206 4067 285 4168 hic
315 4063 576 4186 exhibebo,
610 4104 674 4167 un
708 4107 734 4167 e
762 4071 1012 4205 Qintiani
1049 4061 1210 4160 stilum
1241 4059 1408 4161 melius
1442 4063 1612 4198 digno-

198 4203 379 4323 scamus
390 4281 405 4326 ,
423 4203 679 4345 hispidam,
699 4214 929 4344 inquam,
951 4197 1084 4301 illam
1106 4196 1444 4317 elocutionem,
1464 4235 1610 4338 quam

190 4344 290 4488 ipse
326 4380 610 4485 magnopere
646 4340 896 4461 laudavit,
930 4347 1050 4478 quin
1084 4335 1294 4443 aemulati
1328 4339 1606 4459 contendit,

194 4523 319 4587 tatus
349 4482 467 4585 solos
504 4521 601 4584 uon
631 4480 874 4581 admittere
907 4476 1211 4618 prophanus,
1253 4513 1307 4577 ut
1340 4492 1436 4603 ejus
1471 4475 1608 4580 verba

199 4621 540 4733 declarabuntt
589 4654 737 4763 quam
769 4654 927 4723 tamen
962 4611 1049 4858 ipsi
1087 4652 1252 4757 patum
1290 4614 1500 4757 probavit
1536 4616 1610 4720 ves

196 4776 296 4887 ejus
325 4760 623 4864 amicissimus
633 4763 972 4901 JoannesBapti
1013 4795 1039 4857 a
1061 4764 1096 4857 E
1135 4763 1313 4876 narius,
1331 4771 1461 4883 cujus
1479 4757 1607 4859 mihi

196 4908 397 5001 occurrit
421 4897 621 5039 Epistola
642 4907 763 5004 inter
784 4894 981 5002 Planetii
1002 4791 1227 5037 Episolas
1251 4893 1390 5037 paulo
1411 4935 1517 5000 ante
1542 4906 1611 4999 ci·

196 5074 342 5284 tatarp,
361 5046 604 5284 pnonitum
629 5037 720 5150 hoc
745 5040 804 5145 ad
821 5045 1140 5177 Quintianum
1165 5039 1379 5145 nostrum
1405 5035 1610 5173 comple,

270 5249 272 5254 -
311 5183 367 5283 .I
389 5256 400 5279 .
927 5186 973 5278 D
1174 5212 1177 5216 ·
1395 5185 1539 5276 diens.
