4459 6750
501 896 589 980 aa
767 837 1457 982 GRAMMATIOA‘,

433 1028 599 1129 'diense
635 1007 757 1114 illul
777 1034 885 1100 vero
902 1006 1077 1101 interim
1093 988 1318 1132 preterire
1345 1011 1424 1081 non
1434 959 1621 1127 pofflrm,
1640 963 1756 1099 quod
1790 957 1832 1075 at

446 1168 568 1267 initio
581 1144 837 1253 debueram,
872 1164 975 1236 tuas
1007 1135 1120 1232 mibi
1140 1131 1293 1228 literas
1315 1117 1453 1220 multo
1478 1096 1746 1242 gratmstmas
1767 1134 1839 1201 eoe-

434 1281 619 1430 stittffe,
637 1315 733 1416 qua
746 1305 894 1376 tamen
911 1271 1137 1408 aliquanto
1147 1267 1255 1402 plats
1273 1251 1563 1397 jucunditatis
1582 1237 1839 1377 attuliffcnt,

427 1423 485 1561 fi
500 1423 651 1551 iugenii
666 1421 738 1516 tui
748 1405 1017 1545 felicitatem
1034 1407 1094 1503 ad
1116 1405 1296 1501 meliora
1321 1380 1548 1526 verteffte,
1585 1378 1662 1481 hoc
1683 1377 1745 1510 est·
1766 1450 1783 1496 ‚
1806 1373 1843 1512 Ι

443 1592 488 1666 te
507 1560 753 1673 Ciceronis,
788 1573 866 1654 aut
899 1544 991 1684 ejus
1012 1546 1160 1645 atatis
1178 1538 1459 1670 Scriptorum
1483 1517 1736 1654 stmiliorem
1768 1508 1841 1658 ff

425 1689 649 1838 {malteiffes
664 1769 679 1813 ,
692 1728 778 1833 qua
799 1700 844 1792 in
863 1724 909 1793 re
927 1681 1224 1821 mejudicium
1247 1672 1331 1776 eidi
1349 1656 1470 1806 decffl
1481 1734 1497 1781 ,
1523 1694 1604 1791 ncc
1631 1666 1840 1793 ingenium

420 1842 565 1975 ·plaue
588 1835 743 1950 video,
779 1817 1049 1964 uifisortaffe
1075 1827 1166 1947 (ut
1188 1848 1258 1920 res
1281 1814 1473 1915 humana
1483 1799 1621 1955 sunt)
1635 1912 1638 1917 Α
1652 1830 1703 1900 tu
1734 1834 1844 1961 tuo,

428 2009 518 2109 ego
534 1988 627 2076 mco
641 1970 786 2106 gustui
804 1971 911 2107 plut
919 1963 1092 2097 faveo..
1125 1952 1471 2091 EuQrintiani
1493 1945 1806 2081 praemonitio.

422 2148 431 2157 ’
471 2152 589 2264 Quoi
603 2131 740 2263 potins
756 2148 817 2235 al
840 2141 1087 2238 utilitatum,
1103 2160 1220 2252 quaen
1235 2133 1288 2221 ad
1308 2114 1684 2234 ollentationern'hoe
1698 2115 1810 2233 Opus

559 2288 625 2398 sle
648 2287 925 2398 eompofieum,
958 2274 1011 2373 (θ’
1030 2265 1303 2389 primohicsc
1327 2253 1703 2386 stuiiorcxeusat'.
1744 2382 1748 2389 ¹
1836 2368 1839 2378 Ι

535 2448 781 2537 Onclamati
802 2444 1102 2536 defundiorum
1124 2438 1295 2540 Manes,
1315 2426 1583 2522 sacrosanetae
1602 2425 1842 2511 viventium

563 2562 839 2667 Academiae,
868 2552 1193 2652 litteratissimi,
1217 2577 1270 2636 ac
1296 2542 1632 2656 famigeratiotes
1676 2565 1846 2650 gymna-

432 2672 626 2772 fiarchae,
645 2673 894 2775 eruditionis
921 2661 1042 2782 plena
1061 2664 1265 2767 juventus
1283 2719 1298 2761 ,
1316 2656 1531 2743 denudato
1558 2651 1724 2761 capite,
1753 2647 1847 2733 sub·

430 2783 611 2868 miffisve
638 2785 843 2892 genibus,
882 2778 1147 2881 &admotis
1171 2772 1292 2856 labro
1318 2769 1463 2879 digitis
1493 2763 1668 2875 supplex
1701 2761 1846 2873 depre-

430 2917 528 3003 cor,
557 2914 606 2975 ut
636 2893 869 2988 erroribus,
897 2917 1002 3000 quos
1030 2887 1213 2972 aliorum
1244 2876 1441 2993 sparsim,
1470 2872 1633 2974 fartim,
1662 2876 1847 2985 agmina·

432 3002 537 3102 tim,
567 2999 615 3084 dt
633 2998 794 3112 jugiter
810 3002 1014 3107 enotavi,
1043 2994 1189 3079 vestrae
1208 3019 1289 3076 non
1312 2986 1581 3076 oil'endantur
1608 3010 1751 3081 aures,
1780 2980 1848 3068 vel

430 3111 616 3196 videndo
641 3139 721 3195 non
752 3109 983 3195 succrescat
1010 3104 1162 3193 nausea
1175 3101 1317 3188 :Non
1336 3101 1450 3184 enim
1468 3095 1553 3185 fuit
1581 3100 1666 3180 urei
1685 3097 1847 3182 institu·

428 3239 527 3306 tum
546 3250 647 3306 cum
669 3223 796 3309 larvis
816 3214 993 3320 ludiari,
1018 3221 1158 3304 autin
1186 3237 1377 3301 mortuos
1403 3206 1650 3319 insurgere,
1672 3229 1753 3311 aut
1781 3235 1847 3292 eo·

424 3357 545 3433 rum,
573 3336 648 3446 qui
666 3334 820 3446 ingenii
840 3330 902 3416 sui
925 3352 992 3431 tot
1011 3331 1274 3442 reliquerunt
1300 3324 1563 3438 monimenta
1592 3346 1748 3406 nomen
1774 3320 1844 3405 ob·

423 3439 626 3543 fuscare,
660 3472 798 3554 neque
836 3442 1180 3544 Syncbronorum
1219 3436 1470 3523 anthracino
1506 3430 1649 3517 colore
1675 3429 1841 3517 famam

424 3548 734 3650 'candicantem
756 3551 1064 3657 obtenebrare.
1103 3548 1331 3658 Indignum
1370 3567 1554 3655 namque
1577 3541 1845 3630 censeo-aliis

418 3657 620 3767 'opprelsrs
642 3660 685 3742 se
703 3658 933 3758 extollere,
960 3660 1014 3744 ad
1033 3656 1359 3742 astra-evehere.
1390 3656 1467 3741 Me
1486 3681 1566 3740 non
1580 3657 1698 3767 cogit
1716 3656 1844 3741 osten·

424 3769 559 3866 tatio,
585 3765 660 3852 sed
679 3768 862 3860 utilitas,
886 3796 971 3854 non
990 3766 1390 3869 virulentarabies,
1418 3768 1490 3853 sed
1510 3764 1725 3872 confertus
1753 3767 1841 3853 sed·

423 3874 583 3962 tilitas.
613 3878 684 3974 lin
706 3877 921 3990 aliquibus
945 3877 1038 3983 'huc
1061 3880 1314 3993 adulabitur
1339 3880 1525 3990 opinio?
1553 3880 1839 3994 Quintianum

414 3981 604 4091 scilicet,
631 3977 704 4103 qiti
725 3988 874 4075 deltos
893 3991 1064 4102 diligit,
1091 3992 1198 4074 nulli
1225 3989 1453 4087 detrahit,
1482 3990 1651 4096 syncere
1682 3994 1796 4076 vivit
1823 4049 1836 4091 ,

416 4093 518 4200 has,
547 4121 596 4187 ut
616 4100 795 4187 liiorem
818 4124 1001 4229 expuat,
1022 4100 1194 4194 edidisse
1216 4100 1505 4213 Epographias
1521 4097 1671 4185 eNon
1700 4122 1835 4185 certe:

416 4206 557 4319 &qui
588 4234 763 4309 norunt,
784 4211 1127 4313 confitebuntur,
1155 4240 1226 4297 me
1244 4240 1462 4324 nunquam
1477 4216 1635 4299 alienos
1652 4209 1838 4299 affedlas·

415 4315 486 4415 se,
517 4342 593 4403 aut
612 4322 775 4405 labores
796 4324 1028 4409 lanciualse.
1064 4324 1165 4409 Vita
1184 4323 1333 4421 cassos,
1361 4324 1523 4428 &sato
1540 4326 1723 4425 sinamus
1742 4322 1834 4408 fun·

413 4424 525 4520 etos.
552 4427 673 4521 Nam
695 4434 756 4519 illi
775 4438 878 4519 meis
898 4436 1095 4544 laudibus
1123 4438 1298 4518 minime
1326 4435 1589 4541 laudantur,
1619 4425 1759 4547 neque
1773 4429 1831 4521 vi·

409 4538 579 4649 tuperio
597 4542 734 4646 nollro
746 4546 1356 4655 vituperantur.Coaevos,sed
1377 4547 1694 4662 longe'majotes
1713 4565 1830 4645 natu,

406 4642 456 4731 ἃ
471 4649 734 4762 auetornate
746 4682 815 4738 me
833 4655 1053 4740 correxisse
1071 4657 1163 4766 quis
1181 4656 1445 4743 succenseat?
1476 4659 1609 4772 Quod
1630 4657 1828 4773 Baptistae

406 4753 488 4842 Pio
504 4785 585 4840 non
606 4762 785 4849 haeream
798 4828 810 4864 ,
822 4765 985 4851 idvitio'
1003 4795 1081 4850 non
1098 4768 1289 4854 dandum
1306 4770 1387 4855 eise
1410 4773 1660 4884 persuadeo.
1680 4777 1823 4883 Quem

402 4873 539 4980 magis
556 4874 858 4989 miror,quam
878 4873 1042 4994 Pium?
1064 4876 1221 4979 Pium,
1236 4884 1431 4990 inquam,
1463 4912 1608 4992 meunt
1637 4882 1822 4995 extollo,

398 5007 486 5091 quo
505 4987 595 5096 typi
625 4990 880 5093 meandros,¹
898 4987 950 5075 dt·
960 4992 1176 5075 Autorum
1189 4992 1338 5103 supero
1359 5023 1555 5095 cyaneas.
1586 4996 1733 5098 Hujus
1755 4993 1825 5097 lly-

397 5090 489 5182 lum
511 5124 591 5184 uon
620 5120 789 5187 tantum
818 5101 977 5209 laudo,
1008 5100 1081 5188 sed
1110 5106 1159 5193 dt
1188 5106 1320 5187 etiam
1350 5109 1539 5194 aemulari
1573 5109 1821 5203 contendo,

1068 5234 1077 5248 ·
1629 5243 1768 5329 quem
