4459 6750
789 807 1391 1010 camonia
1647 924 1734 1008 ψ

398 995 663 1134 eundemque
681 1017 792 1124 Juris
809 1028 946 1112 civilis
972 1030 1094 1140 longe
1112 1028 1403 1140 peritissimum
1415 1085 1428 1125 ‚
1440 1021 1709 1110 Mattbaum
1726 1023 1818 1112 At·

402 1157 602 1218 vocatum
619 1190 634 1233 ,
651 1131 698 1218 &
719 1135 808 1237 ejus
826 1135 965 1224 lilium
984 1141 1221 1224 Camillum
1240 1136 1551 1223 adolescentem
1564 1141 1705 1236 ,omni
1724 1165 1814 1221 cor-

399 1248 540 1356 poris,
569 1248 783 1357 animique
801 1251 963 1335 virtute
979 1252 1311 1350 ornatiffimum‚
1338 1252 1412 1360 qui
1431 1276 1503 1332 me
1520 1271 1644 1332 antea
1664 1250 1815 1336 multis

399 1353 511 1454 libi,
543 1355 592 1440 δι
611 1363 771 1467 magnis
798 1360 852 1443 de
881 1361 1011 1444 caulis
1030 1366 1221 1444 maxime
1247 1362 1511 1467 obligatum,
1540 1386 1650 1443 nunc
1678 1363 1814 1447 etiam

402 1467 648 1575 obligarunt
670 1471 838 1576 magis,
866 1496 967 1551 cum
996 1472 1039 1550 in
1066 1469 1297 1551 editionem
1325 1468 1450 1568 hujus
1467 1470 1619 1578 Operis
1636 1499 1812 1559 omnem

403 1578 631 1688 pecuniam
652 1578 760 1665 mihi
781 1573 1063 1661 liberalissime
1089 1576 1442 1687 suppeditarunt:
1470 1600 1613 1662 tamen
1640 1580 1687 1665 dt
1709 1583 1809 1691 ἱρῦ·ι

401 1717 489 1801 qua
512 1687 608 1771 sunt
628 1686 855 1781 modestia,
883 1687 930 1774 ἃ
951 1691 1089 1773 careri
1109 1714 1255 1771 omnes
1273 1683 1397 1771 facile
1420 1691 1717 1798 patientur-‚ut
1738 1721 1810 1792 me

403 1798 748 1909 tibi,plusquam
770 1795 1127 1897 sibi‚devin&um
1155 1798 1236 1881 ell'e
1248 1796 1468 1883 confitear.
1501 1795 1571 1882 Tu
1598 1802 1708 1883 enim
1731 1808 1812 1910 pri.

400 1938 524 2005 mum
545 1908 729 2020 hospitio
745 1936 816 1995 me
833 1913 1139 2026 accepisti,quo
1152 1908 1243 2013 jam
1256 1912 1447 2008 tertium,
1459 1908 1505 1993 δι
1517 1910 1813 1996 decimuman.

403 2049 510 2105 num
530 2019 806 2107 honestissime
826 2046 924 2107 utor
936 2083 950 2125 ‚
965 2043 1019 2108 tu
1033 2025 1287 2107 tenuitatem
1310 2049 1449 2105 meam
1468 2020 1814 2110 liberalitatetu'a

403 2133 572 2241 semper
602 2130 856 2231 sustentasti,
885 2153 935 2217 tu
954 2136 1140 2234 litteras,
1170 2133 1216 2217 dt
1239 2132 1372 2215 sludia
1400 2160 1495 2216 mea
1514 2157 1730 2242 nunquam
1749 2131 1813 2219 so·

401 2270 528 2342 vere,
558 2240 605 2324 δι
631 2243 819 2327 excitare
838 2243 1053 2345 destitisti,
1084 2264 1133 2330 tu
1161 2272 1232 2328 me
1261 2241 1456 2326 omnibus
1483 2242 1610 2326 rebus
1632 2242 1812 2344 affidoe,

399 2381 482 2466 pro
502 2375 552 2437 ut
571 2349 799 2438 facultates
815 2377 904 2450 tuae
921 2356 1138 2454 tulerunt,
1156 2356 1203 2440 ἃ
1223 2353 1375 2438 auxilli
1392 2351 1462 2451 ,dt
1481 2355 1654 2439 orualli.
1685 2354 1812 2468 Quid

400 2463 577 2549 multa?
606 2463 678 2548 nist
700 2487 749 2548 tu
767 2462 1014 2578 suisles‚ego
1035 2467 1155 2577 plane
1172 2465 1279 2550 nihil
1298 2463 1424 2548 ellem
1445 2494 1455 2545 ε
1479 2491 1613 2575 quare
1643 2493 1723 2545 non
1753 2465 1816 2548 so·

399 2576 499 2658 lum
521 2600 617 2658 mea
635 2578 803 2674 omnia,
833 2575 905 2660 sed
922 2605 993 2661 me
1012 2576 1153 2685 ipsum
1183 2575 1349 2689 prorsus
1378 2573 1457 2658 tibi
1486 2602 1555 2658 me
1573 2574 1728 2657 debere
1755 2571 1817 2659 fa·

405 2705 528 2769 teor.
559 2682 718 2797 Neque
738 2713 860 2790 vero,
880 2714 990 2773 cum
1010 2713 1083 2772 me
1098 2689 1181 2773 tibi
1213 2710 1302 2773 tam
1322 2684 1568 2773 devindium
1589 2680 1669 2768 elle
1697 2686 1817 2769 intel·

402 2795 558 2906 ligam,
588 2816 638 2881 tu
658 2823 738 2880 non
758 2795 841 2881 hoc
858 2826 1036 2884 munere
1051 2825 1188 2911 quam
1215 2797 1472 2908 dignissimus
1501 2795 1609 2881 mihi
1639 2796 1816 2895 videris,

399 2934 533 3018 quem
553 2933 653 2991 cum
674 2909 822 2993 multis
837 2911 934 2996 aliis
953 2912 1194 2996 nominibus
1208 2909 1304 3011 jure
1324 2908 1584 2993 laudandum
1596 2907 1815 3017 ‚atqueab

402 3019 600 3103 omnibus
625 3017 937 3129 suspiciendum
955 3023 1142 3108 arbitror
1155 3080 1180 3121 ‚,
1200 3045 1295 3105 tum
1315 3047 1417 3104 vero
1437 3022 1626 3104 maxime
1654 3017 1734 3102 bac
1762 3019 1817 3102 de

403 3128 561 3226 causa,
583 3130 707 3237 quod
736 3133 847 3214 miro
872 3135 1061 3242 quodam
1091 3136 1363 3230 litterarum,
1381 3132 1723 3240 atqueomniurn
1745 3127 1819 3211 bo·

408 3266 566 3324 narum
582 3239 747 3321 artium
770 3239 907 3324 studio
926 3239 1112 3325 incensus
1131 3269 1196 3338 es,
1215 3241 1261 3324 ἃ
1282 3268 1382 3323 cum
1401 3268 1482 3321 non
1500 3239 1637 3319 solum
1652 3236 1821 3336 Latine,

414 3349 644 3435 sedetiam
664 3347 815 3431 Graece
837 3351 1073 3431 luculenter
1095 3352 1221 3443 scias,
1250 3369 1443 3428 attamen
1468 3346 1617 3424 indies
1644 3341 1823 3451 singulos

406 3460 459 3545 ὅ(
492 3459 615 3567 plura
635 3457 828 3557 discere,
854 3457 900 3542 δι
921 3455 1086 3541 dodlior
1111 3456 1292 3539 evadere
1309 3453 1497 3538 conaris.
1528 3449 1649 3537 Nam
1671 3458 1826 3543 eximia

399 3570 669 3667 liberalitas,
700 3566 749 3652 dt
767 3567 1104 3679 magnificentia,
1132 3593 1217 3675 qua
1244 3591 1327 3648 non
1356 3563 1595 3663 modom,
1629 3564 1700 3645 sed
1730 3586 1824 3654 tota

411 3685 566 3767 domus
585 3678 804 3765 Gambara
833 3683 876 3763 io
898 3679 1046 3789 primis
1065 3675 1416 3773 commendatur,
1445 3692 1734 3787 praetereaque
1761 3704 1823 3762 re·

411 3795 537 3904 ligio,
560 3795 715 3900 pietas,
744 3818 915 3874 morum
936 3789 1143 3885 suavitas,
1167 3810 1416 3897 ceteraque
1435 3789 1617 3869 virtutes
1637 3788 1697 3870 ita
1718 3790 1759 3870 in
1780 3810 1825 3874 te

417 3906 580 3988 enitent
603 3959 616 3998 ,
645 3921 695 3981 ut
716 3926 815 3983 cum
843 3898 991 3983 multis
1015 3897 1111 3981 aliis
1141 3898 1398 4007 principibus
1418 3898 1555 3992 Viris,
1584 3897 1824 4004 &paribus

408 4015 499 4098 tuis
522 4009 603 4095 tibi
624 4008 703 4093 fint
722 4036 989 4108 communes,
1005 4029 1053 4095 at
1072 4034 1174 4092 vero
1195 4030 1365 4092 tantum
1384 4004 1648 4099 scientiae‚ac
1670 4006 1850 4109 sapien..

409 4128 483 4212 tiac
503 4122 688 4213 studium
704 4125 880 4210 omnino
905 4148 1005 4206 cum
1034 4118 1286 4231 paucissimis
1309 4175 1318 4193 .
1356 4111 1458 4197 Non
1487 4113 1623 4207 enim,
1641 4134 1689 4195 ut
1708 4113 1828 4200 Neo.

411 4236 629 4348 ptolemus
648 4233 724 4318 ille
740 4230 952 4317 Ennianus
970 4290 983 4329 ,
1004 4232 1148 4341 paucis
1166 4226 1246 4312 tibi
1268 4220 1653 4337 philosophandum
1675 4246 1825 4335 putas,

407 4347 484 4432 sed
506 4369 555 4431 ut
576 4343 691 4431 Cato
709 4345 782 4429 ille
802 4344 962 4453 sapiens
987 4343 1148 4426 dicitur
1168 4342 1301 4422 etiam
1330 4339 1371 4419 in
1390 4334 1546 4433 Curia,
1573 4333 1682 4418 dunt
1700 4335 1822 4423 Sena·

409 4482 481 4542 tus
501 4479 748 4566 cogeretur,
778 4453 972 4539 ledtitare
991 4450 1163 4548 solitus,
1193 4446 1241 4535 δι
1263 4448 1370 4533 banc
1390 4444 1446 4530 ob
1462 4445 1637 4531 causam
1657 4445 1823 4538 Helluo

412 4568 622 4678 librorum
651 4563 891 4679 appellatus
913 4591 928 4641 .·
956 4562 1013 4647 fic
1032 4583 1104 4660 tu,
1124 4586 1321 4756 cumper
1339 4556 1567 4642 familiares
1582 4561 1828 4671 occupatio.

410 4708 482 4763 nes
503 4682 630 4775 licet,
660 4704 877 4788 nunquam
898 4674 1145 4759 intermittit
1163 4672 1225 4756 stu
1260 4675 1299 4755 ia
1314 4668 1536 4767 dodlriua,
1564 4665 1613 4752 dt
1634 4697 1733 4757 cum
1754 4674 1829 4758 do.

411 4789 612 4878 &illimus
628 4788 818 4901 quosque
843 4786 1066 4898 utriusque
1085 4785 1142 4867 lin
1172 4812 1236 4868 ua
1253 4780 1485 4892 Scriptores
1506 4778 1748 4891 frequenter
1769 4784 1827 4868 le·

415 4931 515 5015 gas,
545 4919 688 4984 tamen
713 4904 838 4986 nnius
860 4898 1076 4983 Ciceronis
1093 4812 1273 4984 lesione
1291 4892 1553 5005 potilsrmum
1582 4892 1829 4996 delectaris,

409 5016 461 5099 δι
481 5008 572 5111 ejus
591 5010 755 5096 dicendi
769 5038 900 5119 ¹genus
918 5007 1016 5095 sane
1037 5032 1173 5120 quam
1188 5006 1373 5094 feliciter
1385 5004 1633 5089 adumbras.
1661 5001 1829 5113 Quam·

403 5128 566 5215 obrem
596 5120 673 5208 has
699 5119 1025 5231 Observationes
1063 5144 1119 5209 cx
1146 5118 1345 5208 omnibus
1373 5116 1589 5206 Ciceronis
1610 5110 1826 5265 Operi'bnr
