4459 6750
434 954 551 1043 aa
749 885 1194 1048 souAMMA
1221 906 1463 1031 rica.

485 1062 718 1172 Adversus
742 1064 1005 1204 generalem
1034 1073 1270 1168 Laurentii
1297 1063 1355 1161 de
1379 1061 1657 1211 Supinorum
1691 1053 1825 1199 passi-

413 1216 555 1312 vitate
573 1204 845 1308 sententiam
873 1245 1053 1350 pugnat
1077 1216 1217 1307 etiam
1243 1242 1336 1344 cap.
1363 1240 1434 1298 12.
1462 1209 1735 1315 Saturnius,
1779 1213 1827 1293 δι

420 1352 521 1493 post
548 1389 667 1451 nova
689 1346 898 1483 exempla
926 1359 975 1445 in
1004 1349 1216 1444 medium
1240 1342 1406 1454 allata,
1444 1345 1505 1433 ita
1534 1331 1715 1436 subdit:

922 1487 985 1563 Ex
1015 1483 1077 1564 lib.
1106 1477 1146 1566 8.
1178 1507 1209 1562 c.
1234 1504 1303 1561 12.-

464 1602 537 1687 Ad
568 1601 680 1687 hunc
706 1595 886 1681 modum
932 1593 1188 1680 Laurentius
1226 1589 1254 1673 sr
1292 1589 1592 1700 precepisset,
1628 1588 1676 1674 δι
1708 1586 1816 1675 Aca·

406 1713 573 1798 demica
609 1714 680 1795 rlla
722 1707 943 1792 dubitandi
974 1704 1214 1802 modestia,
1242 1703 1382 1814 potius
1420 1728 1549 1811 quam
1590 1700 1728 1785 Stoica
1762 1699 1823 1783 af·

405 1821 602 1907 firmandi
624 1821 862 1930 arrogantia
890 1821 953 1903 uti
976 1817 1199 1915 voluisset,
1226 1813 1366 1898 multo
1387 1812 1458 1896 fibi
1480 1872 1493 1911 ,
1515 1839 1562 1896 ac
1580 1814 1703 1895 rebus
1731 1812 1824 1894 suis

404 1932 637 2018 consultius
658 1930 948 2045 prospexisset.
965 1929 1128 2015 Verum
1143 1928 1245 2011 dum
1266 1950 1405 2010 artem
1425 1924 1821 2034 ubique‚tanquam

404 2037 560 2126 Lesbia
578 2047 744 2156 regula,
764 2041 852 2152 ipse
870 2041 943 2124 srbi
965 2040 1286 2138 accommodat,
1316 2066 1390 2122 nec
1418 2037 1493 2122 suo
1512 2033 1596 2119 sese
1615 2033 1826 2134 modulo,

361 2238 377 2250 .,
405 2177 456 2237 ac
478 2156 586 2259 pede·
601 2160 806 2256 metitur3
834 2152 939 2262 quid
958 2163 1080 2236 non?
1118 2152 1269 2262 ltaque
1288 2153 1500 2260 reliquum
1527 2146 1729 2258 quicquid
1759 2141 1821 2226 est

407 2260 534 2360 hujus
555 2265 850 2375 disputationis
871 2264 1069 2348 adversus
1088 2262 1373 2348 Laurentium
1393 2257 1682 2344 conscribatur
1703 2318 1711 2337 .
1742 2254 1823 2342 Fa·

407 2374 585 2482 ximque
604 2377 813 2485 intelligat
824 2432 839 2473 ‚
868 2372 1114 2459 Saturnium
1133 2372 1403 2472 essenatum,
1421 2372 1496 2482 qui
1518 2369 1606 2470 ejus
1626 2365 1827 2458 intolera-

405 2479 539 2567 bilem
561 2496 823 2596 proterviam
843 2488 1068 2572 retundat.

474 2593 771 2734 Subsequitur
794 2596 918 2696 illico
938 2636 1073 2738 caput
1102 2641 1176 2719 13.
1198 2610 1328 2724 cujus
1350 2605 1570 2697 initium:

915 2744 979 2820 Ex
1008 2738 1069 2822 lib.
1102 2733 1139 2815 8.
1170 2766 1202 2821 c.
1220 2765 1290 2837 ,132

462 2848 785 2958 Redargutione
804 2851 1057 2934 Laurentius
1090 2853 1277 2959 primum
1310 2852 1491 2960 dignus,
1520 2848 1636 2961 quod
1668 2844 1822 2959 supina

403 2982 493 3067 pro·
510 2958 751 3041 verbalibus
779 2964 910 3065 accipi
933 3019 944 3055 ,
974 2961 1039 3040 vel
1061 2963 1175 3042 idem
1196 2959 1423 3068 fignificare
1446 2961 1562 3044 nullo
1580 2960 1709 3043 mo'do
1730 2962 1827 3072 pos·

401 3066 446 3148 se
475 3066 716 3169 contendit3·
743 3088 791 3150 ut
812 3097 909 3151 cum
931 3067 1144 3153 Prisciano
1165 3073 1292 3171 dicit,
1325 3077 1530 3178 Accipitur
1560 3094 1711 3154 venatu
1739 3097 1820 3179 pro

372 3274 375 3278 ι
404 3183 640 3278 venatione,
672 3178 778 3262 ficut
798 3179 1005 3290 miserabile
1030 3182 1112 3296 visu
1144 3208 1220 3290 pro
1238 3178 1503 3300 miseratione.
1531 3185 1580 3266 In
1599 3210 1688 3292 quo·
1706 3180 1823 3267 Lau·

404 3292 582 3388 rentius‚
636 3291 702 3374 uia
722 3291 849 3373 nimis
867 3296 1140 3402 pertinaciter
1168 3292 1449 3395 haret5lraud
1470 3295 1619 3403 paucis
1636 3295 1826 3406 ineptire

402 3316 678 3485 ostendenius
693 3464 707 3482 „
740 3400 858 3486 Proh
877 3403 1053 3504 divum,
1072 3425 1202 3517 atque
1224 3406 1447 3489 hominum
1471 3404 1605 3489 fidem
1626 3465 1823 3490 .......

399 3504 495 3609 Iam
526 3514 728 3616 neigitur
745 3514 898 3610 sentis,
926 3512 1132 3598 Laurenti
1152 3514 1233 3614 (stc
1253 3520 1366 3600 enim
1388 3538 1534 3602 tecum
1555 3543 1765 3627 agam,ac
1787 3519 1820 3603 fi

401 3620 445 3697 in
468 3620 574 3699 vivis
593 3624 760 3726 ageres)
789 3618 946 3717 jamne
968 3618 1118 3726 sentis,
1148 3622 1213 3707 his
1241 3645 1284 3711 te
1313 3629 1525 3739 exemplis
1540 3628 1821 3739 jugulatum?

422 3831 425 3840 .
476 3759 550 3843 De
573 3757 857 3883 supinorum
881 3752 1129 3890 paffivitate
1157 3774 1254 3902 agit
1292 3782 1337 3867 δι
1354 3808 1448 3909 cap.
1468 3805 1540 3882 14.
1559 3786 1603 3869 &
1623 3807 1715 3907 cap.
1743 3810 1821 3891 ις,

405 3892 530 3985 reste·
549 3921 732 4009 autem,
756 3889 987 4032 latineque
1014 3900 1102 4060 dici
1122 3903 1248 4049 Venio
1275 3911 1381 4009 leslu
1408 3906 1571 4047 probat
1589 3949 1684 4048 cap.
1705 3931 1780 4007 16.

486 4133 649 4255 Verum
687 4146 760 4258 qui
797 4040 1001 4234 semelEri
1031 4038 1436 4245 lpbpripatprppflexit
1474 4222 1487 4264 ,
1528 4163 1640 4250 hunc
1688 4190 1818 4275 opot-

404 4274 469 4373 tet
498 4254 603 4338 bene
623 4257 806 4339 delirum
826 4262 930 4345 esse.
972 4262 1123 4374 Itaque
1142 4267 1290 4352 eadem
1323 4270 1396 4356 illa
1417 4271 1600 4384 phrenefi
1629 4273 1818 4361 Lauren·

402 4366 488 4447 tius
510 4387 733 4474 pernegat,
754 4367 899 4478 supina
930 4374 969 4455 in
990 4400 1018 4454 u
1036 4374 1176 4458 verbis
1205 4402 1374 4467 motum
1392 4384 1445 4466 de
1464 4385 1558 4471 loco
1586 4383 1816 4497 fignifican·

406 4472 523 4555 tibus
542 4475 633 4558 ullo
653 4478 782 4559 modo
799 4479 910 4565 reue
931 4484 1120 4592 conjungi
1173 4489 1215 4571 Ο
1233 4513 1363 4604 caput
1384 4515 1475 4578 tota
1496 4499 1672 4607 dignum
1693 4496 1821 4580 Anti·

404 4582 543 4684 cyra!
572 4584 807 4701 Qsousque
827 4593 998 4674 tandem
1022 4591 1143 4679 furor
1167 4599 1242 4684 isle
1269 4626 1367 4689 tuus
1397 4604 1526 4691 bonos
1552 4635 1702 4692 omnes
1728 4607 1818 4692 elu-

367 4791 369 4794 .
401 4691 506 4778 det?
536 4694 684 4810 Usque·
701 4700 859 4783 adeone
877 4703 992 4785 male
1008 4701 1157 4788 sensrsli
1178 4710 1231 4793 de
1250 4716 1529 4802 vetustiffimis
1549 4719 1717 4817 illis‚ut
1737 4718 1815 4801 suo

401 4830 425 4886 e
444 4805 585 4915 capite
605 4832 731 4915 genus
750 4811 793 4893 id
814 4814 978 4896 dicendi
997 4810 1261 4917 effinxerint,
1290 4854 1389 4909 cum
1409 4827 1699 4914 illustrissimos
1719 4830 1819 4913 lati·

402 4918 547 4999 nitatis
572 4918 780 5003 suctores
796 4921 882 5020 ejus
902 4924 1124 5009 locutionis
1144 4928 1446 5043 subscriptores
1473 4938 1689 5025 habeant?
1712 4999 1722 5018 .
1742 5004 1750 5019 .
1770 5002 1779 5022 .
1804 5002 1814 5020 .

395 5028 552 5134 Itaque
572 5029 760 5140 superior
786 5031 858 5117 illa
888 5034 1133 5147 supinorum
1155 5045 1298 5127 utendi
1331 5048 1439 5131 ratio
1459 5050 1517 5132 est
1548 5051 1815 5161 perelegans,

402 5137 557 5247 latina,
584 5164 716 5256 atque
736 5144 1048 5237 exosculanda:
1078 5152 1178 5263 quia
1208 5172 1350 5240 tamen
1380 5186 1461 5245 non
1481 5164 1713 5249 admodum
1738 5161 1818 5246 tri·

1709 5297 1756 5357 ta
