4459 6750
647 897 651 906 ·
750 855 1542 1021 naamitarum
1674 909 1727 1026 μ

928 1004 991 1087 Ea
1017 1001 1137 1087 aar
1165 1029 1284 1087 aa.
1789 1049 1797 1067 =

459 1101 562 1188 Divi
581 1101 681 1189 boni
708 1124 760 1190 ut
780 1109 1032 1224 plerumque
1049 1111 1145 1199 suot
1170 1030 1299 1200 inlabi
1317 1110 1383 1198 illi
1400 1111 1526 1198 onllri
1546 1110 1808 1203 Grammati-

394 1216 464 1314 ci,
482 1241 609 1326 genus
639 1217 861 1303 hominum
888 1222 1038 1335 suapte
1054 1246 1205 1307 natura
1236 1227 1359 1309 nimis
1387 1223 1594 1308 rixosum.
1628 1225 1811 1314 Memini

403 1329 510 1412 adeo
528 1327 658 1425 duos,
686 1356 784 1416 cum
802 1331 926 1416 essem
948 1333 1172 1431 Mantua,
1195 1332 1312 1422 haud
1332 1334 1559 1420 incelebres
1579 1336 1810 1423 Gramma·

400 1441 512 1532 ticos
541 1440 803 1540 (nominibus
824 1450 976 1549 parco)
1005 1448 1113 1524 inter
1133 1442 1174 1525 se
1193 1445 1473 1546 concertasse,
1506 1444 1658 1532 Latine
1678 1476 1728 1531 ne
1747 1449 1811 1532 di·

402 1571 573 1632 ceretur
584 1603 599 1649 ,
629 1551 733 1633 Mihi
752 1572 839 1655 opus
855 1548 903 1660 est
930 1548 1031 1632 banc
1049 1577 1157 1634 rem.
1189 1549 1390 1666 Qiorum
1406 1555 1515 1639 alter
1534 1555 1618 1644 sola
1641 1564 1806 1642 rarione

405 1661 541 1740 nitens
571 1689 671 1743 curn
690 1678 880 1769 negaret,
900 1660 1007 1743 alter
1027 1688 1128 1745 vero
1149 1658 1344 1749 Prisciani
1364 1721 1378 1762 ‚
1396 1666 1701 1779 Diomedisque
1720 1671 1808 1778 opi·

404 1772 528 1851 nione
546 1766 704 1868 fultus,
732 1791 877 1854 contra
907 1772 1113 1856 instaret:
1143 1771 1231 1881 post
1252 1774 1470 1886 plurima,
1496 1802 1545 1865 ac
1573 1779 1804 1887 turpissima

402 1879 614 1978 convicia,
643 1880 970 1991 quibusmutuo
989 1880 1073 1966 sese
1092 1881 1410 1969 lancinaverunt
1427 1888 1448 1990 (
1457 1881 1511 1967 lic
1529 1886 1642 1973 eninr
1661 1889 1804 1972 nostra

400 1988 666 2098 tempestatis
683 1989 902 2102 disputant
921 1993 1234 2094 Grammatici)
1264 2022 1416 2105 parurn
1445 1991 1623 2090 abfuit,
1652 2003 1754 2104 quin
1781 2022 1807 2080 a

404 2100 547 2181 verbis
565 2101 621 2184 ad
639 2099 1064 2210 colaphos,maximo
1082 2104 1273 2187 omnium
1296 2103 1660 2203 risu2deveoeriat
1674 2132 1809 2216 ,quae-

404 2207 535 2291 stione
555 2213 757 2296 nimirum
777 2210 922 2296 relisla
940 2210 1142 2312 insoluta,
1162 2235 1292 2323 atque
1312 2217 1594 2324 inexplicata.
1626 2211 1719 2298 Nos

402 2317 487 2404 flea
505 2322 777 2407 attentissime
794 2321 1001 2408 revolutis
1011 2324 1277 2428 auctoribus,
1294 2328 1528 2412 invenimus
1536 2384 1553 2428 ,
1572 2325 1684 2411 redte
1695 2383 1716 2428 ,.
1767 2352 1808 2411 a·

404 2432 576 2542 sineque
593 2431 697 2517 dici.

475 2543 606 2777 Qissd
643 2539 697 2642 sir
726 2543 1044 2647 adverbialiter
1075 2557 1216 2687 poni,
1252 2548 1570 2685 &quomodo
1608 2553 1803 2646 nomina

401 2677 541 2805 adver
576 2678 724 2781 ialiter
747 2681 891 2821 pbsrta
917 2724 1013 2785 non
1038 2682 1154 2786 fiant
1178 2683 1422 2805 adverbia,
1453 2682 1682 2825 explicans
1707 2710 1801 2821 cap

411 2815 583 2921 12.lib.
608 2851 667 2919 2.·
698 2832 981 2953 Dona-tuni»,
1015 2821 1194 2965 suaque
1222 2823 1437 2926 stelionis
1463 2831 1803 2925 Grammaticos

404 2952 478 3054 his
503 2966 704 3097 increpat
734 2959 904 3066 verbis:

515 3168 520 3174 .
925 3104 990 3184 Ea
1020 3104 1082 3185 lib.
1104 3127 1138 3182 2.
1168 3131 1200 3185 c.
1219 3127 1285 3184 ra.

461 3203 564 3288 Non
583 3208 723 3318 patiar
743 3209 932 3319 amplius
948 3231 1017 3310 te,
1047 3213 1241 3310 Donate,
1269 3211 1411 3309 bonu,
1438 3209 1710 3319 studiosisque
1728 3211 1808 3293 im·

405 3342 560 3427 ponere
580 3379 589 3397 .
629 3315 751 3400 Nam
768 3344 862 3427 qua
878 3327 896 3420 (
912 3321 1076 3404 malum
1089 3332 1113 3419 )
1132 3321 1397 3421 impudentia
1425 3319 1503 3400 ista
1523 3319 1582 3401 est
1602 3376 1617 3415 ,
1643 3340 1691 3400 ut
1721 3315 1809 3426 ipsc

406 3426 631 3536 turpissimi
647 3431 799 3511 erroris
817 3431 1125 3512 convincendus
1135 3430 1273 3527 ,alios
1288 3427 1393 3509 bene
1410 3423 1637 3534 sentientes·
1653 3428 1813 3534 impru-

403 3538 557 3644 dentiae
575 3537 856 3621 condemnes?
882 3538 1020 3636 Sunt(
1030 3542 1199 3647 inquit)
1208 3534 1411 3625 adverbia
1429 3535 1640 3644 luemque
1653 3536 1812 3646 impru-

400 3650 550 3733 dentes
568 3668 720 3749 putant
739 3651 910 3731 nomina
940 3681 950 3732 :
980 3647 1160 3743 inlucet,
1189 3642 1335 3755 ursam
1352 3649 1509 3728 Rome:
1540 3643 1730 3743 deloco,
1760 3663 1811 3728 nt

401 3765 530 3842 Roma
547 3764 681 3845 nenio:
711 3759 766 3841 ad
788 3757 930 3843 locum
948 3810 964 3860 ,
982 3777 1032 3840 ut
1051 3760 1216 3840 Romam
1242 3778 1383 3864 pergo.
1422 3754 1568 3865 Euge:
1589 3781 1739 3840 verum
1767 3757 1811 3837 in

403 3876 560 3965 Roma,
580 3873 903 3967 Roma‚Romam
935 3867 1044 3952 unde
1062 3866 1263 3950 adverbia
1282 3865 1448 3950 censes?
1478 3862 1682 3968 Natum
1702 3864 1809 3949 nihil

405 3984 573 4062 minus.
613 3977 733 4064 Nam
752 3984 849 4090 quis
864 4005 1035 4091 compos
1054 3979 1206 4061 mentis
1234 3977 1315 4058 hoc
1336 3974 1536 4055 esi'utiat?
1565 3977 1701 4078 Igitur
1722 3972 1809 4055 offi-

406 4091 474 4171 cio
492 4142 507 4187 ‚
527 4089 594 4172 vel
616 4088 828 4174 sundlione
855 4090 1026 4203 aliqua.
1067 4086 1172 4198 Qro
1200 4085 1305 4194 quid
1334 4082 1452 4165 aliud
1472 4080 1589 4162 nobis
1608 4084 1811 4183 accipien-

405 4198 513 4283 dum
532 4254 546 4297 ,
573 4228 705 4312 quarn
723 4201 838 4310 qnod
858 4206 1028 4285 nomina
1050 4197 1303 4306 plerumque
1331 4194 1391 4276 ita
1420 4187 1654 4299 funguntur
1670 4188 1811 4273 officio

401 4310 594 4395 adverbii
614 4312 785 4411 localis,
806 4336 854 4395 ut
874 4311 1056 4393 verbum
1076 4307 1125 4389 iis
1145 4304 1467 4415 perindeiatque
1488 4297 1581 4409 ipfic
1600 4298 1811 4385 adverbiis

401 4421 686 4535 adstringatur
715 4423 771 4507 ad
799 4417 1144 4530 significationem
1170 4413 1284 4500 loci?
1310 4412 1481 4497 Etenim
1510 4408 1614 4496 illuc
1635 4409 1810 4495 tandem

402 4533 460 4613 est
483 4561 557 4642 pro
590 4537 651 4617 rie
668 4529 971 4620 adverbialiter
991 4529 1122 4641 poni,
1151 4524 1218 4607 vel
1248 4521 1364 4635 fungi
1385 4524 1476 4607 vice
1495 4520 1685 4607 adverbii
1699 4579 1725 4621 ,A
1739 4517 1809 4605 vel
1879 4578 1881 4581 ι

403 4640 485 4724 elle
503 4562 627 4729 inflat
643 4641 860 4742 adverbii,
879 4640 995 4750 quod
1015 4640 1130 4725 idern
1149 4636 1233 4738 est,
1261 4658 1412 4744 nempe
1431 4662 1535 4718 cum
1552 4635 1720 4716 nomina
1740 4626 1811 4717 de·

404 4756 632 4838 terminant
656 4756 836 4839 verbum
854 4753 910 4837 ad
929 4749 1275 4862 significationem·
1293 4750 1372 4831 loci
1391 4775 1402 4847 ;
1432 4746 1476 4830 id
1503 4744 1620 4856 quod
1640 4744 1697 4827 est
1722 4767 1814 4853 pro·

402 4863 956 5060 &restilistis
978 4854 1656 5077 lllalffstlllfflltils
1680 4853 1814 5045 alit

744 5040 751 5055 ·
1344 5024 1355 5064 r

396 5086 556 5172 simum
577 5144 588 5167 .
608 5146 617 5167 .
637 5146 673 5168 ..
702 5084 863 5190 Vides,
883 5087 1055 5171 Donate
1071 5108 1248 5274 ‚unam
1276 5080 1519 5193 petulanter
1546 5096 1591 5159 te
1620 5070 1809 5262 ςοίᾶΐὲζίε,

1159 5214 1182 5271 2
1618 5207 1676 5287 qu
1752 5224 1765 5243 ·
