<?xml version="1.0" encoding="UTF-8"?>
<!DOCTYPE html PUBLIC "-//W3C//DTD XHTML 1.0 Transitional//EN"
    "http://www.w3.org/TR/xhtml1/DTD/xhtml1-transitional.dtd">
<html xmlns="http://www.w3.org/1999/xhtml" xml:lang="en" lang="en">
 <head>
  <title>
</title>
<meta http-equiv="Content-Type" content="text/html;charset=utf-8" />
  <meta name='ocr-system' content='tesseract 3.04.00' />
  <meta name='ocr-capabilities' content='ocr_page ocr_carea ocr_par ocr_line ocrx_word'/>
</head>
<body>
  <div class='ocr_page' id='page_1' title='image "./specimenvariael00quirgoog_0261.png"; bbox 0 0 4459 6750; ppageno 0'>
   <div class='ocr_carea' id='block_1_1' title="bbox 543 901 1522 1035">
    <p class='ocr_par' dir='ltr' id='par_1_1' title="bbox 543 901 1522 1035">
     <span class='ocr_line' id='line_1_1' title="bbox 543 901 1522 1035; baseline -0.004 -19"><span class='ocrx_word' id='word_1_1' title='bbox 543 901 1240 1031; x_wconf 65' lang='lat' dir='ltr'><em>GRAMMATMA</em></span> <span class='ocrx_word' id='word_1_2' title='bbox 1459 936 1522 1035; x_wconf 82' lang='lat'>55</span> 
     </span>
    </p>
   </div>
   <div class='ocr_carea' id='block_1_2' title="bbox 188 1042 1659 2988">
    <p class='ocr_par' dir='ltr' id='par_1_2' title="bbox 188 1042 1659 2988">
     <span class='ocr_line' id='line_1_2' title="bbox 269 1042 1593 1178; baseline 0.005 -32"><span class='ocrx_word' id='word_1_3' title='bbox 269 1046 447 1178; x_wconf 77' lang='lat' dir='ltr'>Qtanti‘</span> <span class='ocrx_word' id='word_1_4' title='bbox 464 1055 705 1152; x_wconf 82' lang='lat' dir='ltr'>Saturnius</span> <span class='ocrx_word' id='word_1_5' title='bbox 724 1047 880 1155; x_wconf 88' lang='lat' dir='ltr'>fecerit</span> <span class='ocrx_word' id='word_1_6' title='bbox 895 1057 1159 1153; x_wconf 90' lang='lat' dir='ltr'>Guarinum</span> <span class='ocrx_word' id='word_1_7' title='bbox 1176 1042 1495 1151; x_wconf 90' lang='lat' dir='ltr'>Veronensem</span> <span class='ocrx_word' id='word_1_8' title='bbox 1505 1087 1593 1172; x_wconf 83' lang='lat' dir='ltr'>,ex</span> 
     </span>
     <span class='ocr_line' id='line_1_3' title="bbox 198 1181 1659 1327; baseline 0.008 -45"><span class='ocrx_word' id='word_1_9' title='bbox 198 1182 288 1283; x_wconf 83' lang='lat' dir='ltr'>hoe</span> <span class='ocrx_word' id='word_1_10' title='bbox 313 1182 415 1287; x_wconf 91' lang='lat' dir='ltr'>loco</span> <span class='ocrx_word' id='word_1_11' title='bbox 439 1224 644 1327; x_wconf 82' lang='lat' dir='ltr'>apparet.</span> <span class='ocrx_word' id='word_1_12' title='bbox 679 1196 758 1293; x_wconf 83' lang='lat' dir='ltr'>An</span> <span class='ocrx_word' id='word_1_13' title='bbox 781 1226 939 1293; x_wconf 86' lang='lat' dir='ltr'>autem</span> <span class='ocrx_word' id='word_1_14' title='bbox 953 1196 1219 1291; x_wconf 84' lang='lat' dir='ltr'>Guarinum</span> <span class='ocrx_word' id='word_1_15' title='bbox 1244 1181 1471 1290; x_wconf 85' lang='lat' dir='ltr'>seniorem</span> <span class='ocrx_word' id='word_1_16' title='bbox 1487 1264 1503 1311; x_wconf 93' lang='lat'>,</span> <span class='ocrx_word' id='word_1_17' title='bbox 1519 1186 1595 1294; x_wconf 83' lang='lat' dir='ltr'>ves</span> <span class='ocrx_word' id='word_1_18' title='bbox 1654 1252 1659 1261; x_wconf 94' lang='lat'><em>-</em></span> 
     </span>
     <span class='ocr_line' id='line_1_4' title="bbox 198 1326 1595 1471; baseline 0.01 -52"><span class='ocrx_word' id='word_1_19' title='bbox 198 1327 451 1461; x_wconf 87' lang='lat' dir='ltr'>Baptistam</span> <span class='ocrx_word' id='word_1_20' title='bbox 465 1338 560 1452; x_wconf 87' lang='lat' dir='ltr'>ejus</span> <span class='ocrx_word' id='word_1_21' title='bbox 573 1326 728 1432; x_wconf 87' lang='lat' dir='ltr'>filium</span> <span class='ocrx_word' id='word_1_22' title='bbox 742 1327 1074 1468; x_wconf 81' lang='lat' dir='ltr'>designaverit,</span> <span class='ocrx_word' id='word_1_23' title='bbox 1087 1336 1317 1430; x_wconf 87' lang='lat' dir='ltr'>incertum</span> <span class='ocrx_word' id='word_1_24' title='bbox 1337 1329 1406 1430; x_wconf 87' lang='lat' dir='ltr'>est</span> <span class='ocrx_word' id='word_1_25' title='bbox 1416 1365 1595 1471; x_wconf 89' lang='lat' dir='ltr'>,quum</span> 
     </span>
     <span class='ocr_line' id='line_1_5' title="bbox 196 1463 1593 1607; baseline 0.01 -49"><span class='ocrx_word' id='word_1_26' title='bbox 196 1497 392 1600; x_wconf 88' lang='lat' dir='ltr'>uterque</span> <span class='ocrx_word' id='word_1_27' title='bbox 404 1465 783 1566; x_wconf 84' lang='lat' dir='ltr'>Grammaticales</span> <span class='ocrx_word' id='word_1_28' title='bbox 803 1467 1116 1566; x_wconf 83' lang='lat' dir='ltr'>institutiones</span> <span class='ocrx_word' id='word_1_29' title='bbox 1137 1463 1462 1607; x_wconf 85' lang='lat' dir='ltr'>conscripserit.</span> <span class='ocrx_word' id='word_1_30' title='bbox 1478 1479 1593 1572; x_wconf 88' lang='lat' dir='ltr'>Tra-</span> 
     </span>
     <span class='ocr_line' id='line_1_6' title="bbox 196 1603 1593 1722; baseline 0.01 -26"><span class='ocrx_word' id='word_1_31' title='bbox 196 1604 351 1698; x_wconf 66' lang='lat' dir='ltr'>{iatus</span> <span class='ocrx_word' id='word_1_32' title='bbox 373 1603 571 1704; x_wconf 87' lang='lat' dir='ltr'>Guarini</span> <span class='ocrx_word' id='word_1_33' title='bbox 590 1603 645 1704; x_wconf 91' lang='lat' dir='ltr'>de</span> <span class='ocrx_word' id='word_1_34' title='bbox 665 1604 826 1705; x_wconf 84' lang='lat' dir='ltr'>ordine</span> <span class='ocrx_word' id='word_1_35' title='bbox 851 1604 1067 1722; x_wconf 88' lang='lat' dir='ltr'>docendi,</span> <span class='ocrx_word' id='word_1_36' title='bbox 1089 1641 1140 1702; x_wconf 91' lang='lat' dir='ltr'>ac</span> <span class='ocrx_word' id='word_1_37' title='bbox 1164 1603 1376 1704; x_wconf 88' lang='lat' dir='ltr'>studendi</span> <span class='ocrx_word' id='word_1_38' title='bbox 1394 1608 1451 1709; x_wconf 86' lang='lat' dir='ltr'>ad</span> <span class='ocrx_word' id='word_1_39' title='bbox 1466 1606 1593 1709; x_wconf 88' lang='lat' dir='ltr'>Maf-</span> 
     </span>
     <span class='ocr_line' id='line_1_7' title="bbox 199 1731 1591 1869; baseline 0.009 -35"><span class='ocrx_word' id='word_1_40' title='bbox 199 1731 345 1862; x_wconf 85' lang='lat' dir='ltr'>fejum</span> <span class='ocrx_word' id='word_1_41' title='bbox 367 1737 649 1843; x_wconf 88' lang='lat' dir='ltr'>Gambaram</span> <span class='ocrx_word' id='word_1_42' title='bbox 669 1750 937 1844; x_wconf 88' lang='lat' dir='ltr'>Brixianum</span> <span class='ocrx_word' id='word_1_43' title='bbox 958 1738 1320 1869; x_wconf 85' lang='lat' dir='ltr'>adolescentem,</span> <span class='ocrx_word' id='word_1_44' title='bbox 1340 1780 1437 1841; x_wconf 92' lang='lat' dir='ltr'>non</span> <span class='ocrx_word' id='word_1_45' title='bbox 1457 1743 1591 1846; x_wconf 87' lang='lat' dir='ltr'>dubi-</span> 
     </span>
     <span class='ocr_line' id='line_1_8' title="bbox 199 1877 1593 2020; baseline 0.006 -47"><span class='ocrx_word' id='word_1_46' title='bbox 199 1909 443 1998; x_wconf 85' lang='lat' dir='ltr'>tanter,ut</span> <span class='ocrx_word' id='word_1_47' title='bbox 468 1877 615 2020; x_wconf 86' lang='lat' dir='ltr'><strong>aliqui</strong></span> <span class='ocrx_word' id='word_1_48' title='bbox 641 1879 844 2003; x_wconf 83' lang='lat' dir='ltr'>faciunt,</span> <span class='ocrx_word' id='word_1_49' title='bbox 881 1878 956 1983; x_wconf 92' lang='lat' dir='ltr'>sed</span> <span class='ocrx_word' id='word_1_50' title='bbox 980 1888 1181 1982; x_wconf 88' lang='lat' dir='ltr'>omnino</span> <span class='ocrx_word' id='word_1_51' title='bbox 1202 1918 1318 1982; x_wconf 83' lang='lat' dir='ltr'>certe</span> <span class='ocrx_word' id='word_1_52' title='bbox 1333 1956 1348 2000; x_wconf 94' lang='lat'>,</span> <span class='ocrx_word' id='word_1_53' title='bbox 1363 1879 1423 1978; x_wconf 86' lang='lat' dir='ltr'>ad</span> <span class='ocrx_word' id='word_1_54' title='bbox 1440 1879 1593 1982; x_wconf 79' lang='lat' dir='ltr'>filium</span> 
     </span>
     <span class='ocr_line' id='line_1_9' title="bbox 195 2013 1597 2159; baseline 0.004 -46"><span class='ocrx_word' id='word_1_55' title='bbox 195 2018 264 2113; x_wconf 82' lang='lat' dir='ltr'>esi</span> <span class='ocrx_word' id='word_1_56' title='bbox 291 2013 583 2117; x_wconf 85' lang='lat' dir='ltr'>referendus.</span> <span class='ocrx_word' id='word_1_57' title='bbox 621 2032 840 2122; x_wconf 85' lang='lat' dir='ltr'>Veterem</span> <span class='ocrx_word' id='word_1_58' title='bbox 867 2032 993 2121; x_wconf 90' lang='lat' dir='ltr'>enim</span> <span class='ocrx_word' id='word_1_59' title='bbox 1010 2095 1026 2141; x_wconf 98' lang='lat'>,</span> <span class='ocrx_word' id='word_1_60' title='bbox 1046 2054 1190 2159; x_wconf 89' lang='lat' dir='ltr'>quam</span> <span class='ocrx_word' id='word_1_61' title='bbox 1227 2023 1284 2120; x_wconf 93' lang='lat' dir='ltr'>ad</span> <span class='ocrx_word' id='word_1_62' title='bbox 1309 2056 1478 2119; x_wconf 85' lang='lat' dir='ltr'>manus</span> <span class='ocrx_word' id='word_1_63' title='bbox 1515 2017 1597 2119; x_wconf 89' lang='lat' dir='ltr'>ha-</span> 
     </span>
     <span class='ocr_line' id='line_1_10' title="bbox 197 2153 1596 2298; baseline 0.001 -44"><span class='ocrx_word' id='word_1_64' title='bbox 197 2154 313 2272; x_wconf 91' lang='lat' dir='ltr'>beo,</span> <span class='ocrx_word' id='word_1_65' title='bbox 328 2158 596 2255; x_wconf 87' lang='lat' dir='ltr'>Editionem</span> <span class='ocrx_word' id='word_1_66' title='bbox 622 2153 789 2297; x_wconf 84' lang='lat' dir='ltr'>absque</span> <span class='ocrx_word' id='word_1_67' title='bbox 807 2169 918 2259; x_wconf 86' lang='lat' dir='ltr'>anni</span> <span class='ocrx_word' id='word_1_68' title='bbox 940 2196 1049 2260; x_wconf 89' lang='lat' dir='ltr'>nota</span> <span class='ocrx_word' id='word_1_69' title='bbox 1064 2159 1267 2298; x_wconf 76' lang='lat' dir='ltr'>Baptista</span> <span class='ocrx_word' id='word_1_70' title='bbox 1288 2165 1485 2260; x_wconf 86' lang='lat' dir='ltr'>Guarini</span> <span class='ocrx_word' id='word_1_71' title='bbox 1506 2196 1596 2259; x_wconf 58' lang='lat' dir='ltr'>no,¹</span> 
     </span>
     <span class='ocr_line' id='line_1_11' title="bbox 195 2291 1594 2437; baseline 0.001 -43"><span class='ocrx_word' id='word_1_72' title='bbox 195 2331 306 2394; x_wconf 90' lang='lat' dir='ltr'>men</span> <span class='ocrx_word' id='word_1_73' title='bbox 331 2304 574 2396; x_wconf 70' lang='lat' dir='ltr'>Trastatus</span> <span class='ocrx_word' id='word_1_74' title='bbox 599 2291 743 2398; x_wconf 90' lang='lat' dir='ltr'>fronti</span> <span class='ocrx_word' id='word_1_75' title='bbox 764 2294 1054 2436; x_wconf 76' lang='lat' dir='ltr'>praepositum</span> <span class='ocrx_word' id='word_1_76' title='bbox 1080 2295 1294 2414; x_wconf 85' lang='lat' dir='ltr'>exornat,</span> <span class='ocrx_word' id='word_1_77' title='bbox 1315 2314 1362 2398; x_wconf 77' lang='grc' dir='ltr'>δι</span> <span class='ocrx_word' id='word_1_78' title='bbox 1387 2333 1594 2437; x_wconf 84' lang='lat' dir='ltr'>practerea</span> 
     </span>
     <span class='ocr_line' id='line_1_12' title="bbox 194 2429 1593 2573; baseline 0.004 -46"><span class='ocrx_word' id='word_1_79' title='bbox 194 2442 247 2531; x_wconf 85' lang='lat' dir='ltr'>in</span> <span class='ocrx_word' id='word_1_80' title='bbox 274 2471 329 2530; x_wconf 91' lang='lat' dir='ltr'>eo</span> <span class='ocrx_word' id='word_1_81' title='bbox 351 2429 442 2571; x_wconf 88' lang='lat' dir='ltr'>ipse</span> <span class='ocrx_word' id='word_1_82' title='bbox 463 2435 658 2572; x_wconf 85' lang='lat' dir='ltr'>Baptista</span> <span class='ocrx_word' id='word_1_83' title='bbox 679 2445 875 2573; x_wconf 85' lang='lat' dir='ltr'>patentis</span> <span class='ocrx_word' id='word_1_84' title='bbox 904 2433 974 2534; x_wconf 92' lang='lat' dir='ltr'>sui</span> <span class='ocrx_word' id='word_1_85' title='bbox 999 2436 1159 2535; x_wconf 83' lang='lat' dir='ltr'>diserte</span> <span class='ocrx_word' id='word_1_86' title='bbox 1187 2446 1405 2534; x_wconf 86' lang='lat' dir='ltr'>meminit</span> <span class='ocrx_word' id='word_1_87' title='bbox 1427 2433 1593 2554; x_wconf 86' lang='lat' dir='ltr'>semei,</span> 
     </span>
     <span class='ocr_line' id='line_1_13' title="bbox 194 2569 1597 2712; baseline 0.004 -45"><span class='ocrx_word' id='word_1_88' title='bbox 194 2579 364 2669; x_wconf 87' lang='lat' dir='ltr'>iterum</span> <span class='ocrx_word' id='word_1_89' title='bbox 403 2581 654 2711; x_wconf 89' lang='lat' dir='ltr'>ue‚primo</span> <span class='ocrx_word' id='word_1_90' title='bbox 676 2573 898 2712; x_wconf 88' lang='lat' dir='ltr'>quidem,</span> <span class='ocrx_word' id='word_1_91' title='bbox 919 2574 1036 2674; x_wconf 89' lang='lat' dir='ltr'>dum</span> <span class='ocrx_word' id='word_1_92' title='bbox 1059 2582 1212 2674; x_wconf 80' lang='lat' dir='ltr'>Graece</span> <span class='ocrx_word' id='word_1_93' title='bbox 1237 2569 1515 2674; x_wconf 89' lang='lat' dir='ltr'>discentibus</span> <span class='ocrx_word' id='word_1_94' title='bbox 1531 2610 1597 2672; x_wconf 90' lang='lat' dir='ltr'>te-</span> 
     </span>
     <span class='ocr_line' id='line_1_14' title="bbox 194 2611 1598 2852; baseline 0.001 -44"><span class='ocrx_word' id='word_1_95' title='bbox 194 2705 326 2847; x_wconf 75' lang='lat' dir='ltr'>&#39;gulas</span> <span class='ocrx_word' id='word_1_96' title='bbox 361 2611 463 2809; x_wconf 77' lang='lat' dir='ltr'>iilos</span> <span class='ocrx_word' id='word_1_97' title='bbox 499 2711 825 2831; x_wconf 87' lang='lat' dir='ltr'>commendat,</span> <span class='ocrx_word' id='word_1_98' title='bbox 861 2750 971 2851; x_wconf 82' lang='lat' dir='ltr'>quas</span> <span class='ocrx_word' id='word_1_99' title='bbox 995 2718 1213 2852; x_wconf 88' lang='lat' dir='ltr'>(inquit)</span> <span class='ocrx_word' id='word_1_100' title='bbox 1239 2721 1438 2850; x_wconf 80' lang='lat' dir='ltr'>parentis</span> <span class='ocrx_word' id='word_1_101' title='bbox 1467 2707 1598 2845; x_wconf 77' lang='lat' dir='ltr'>nostri</span> 
     </span>
     <span class='ocr_line' id='line_1_15' title="bbox 188 2847 1596 2988; baseline -0.001 -36"><span class='ocrx_word' id='word_1_102' title='bbox 188 2848 622 2987; x_wconf 66' lang='lat' dir='ltr'>praeceptorManuel</span> <span class='ocrx_word' id='word_1_103' title='bbox 630 2852 670 2952; x_wconf 86' lang='lat' dir='ltr'><em>C</em></span> <span class='ocrx_word' id='word_1_104' title='bbox 670 2847 912 2986; x_wconf 77' lang='lat' dir='ltr'>hrysttloras</span> <span class='ocrx_word' id='word_1_105' title='bbox 914 2851 1174 2988; x_wconf 76' lang='lat' dir='ltr'>fhmmatim</span> <span class='ocrx_word' id='word_1_106' title='bbox 1188 2851 1383 2984; x_wconf 80' lang='lat' dir='ltr'>collegit,</span> <span class='ocrx_word' id='word_1_107' title='bbox 1395 2851 1476 2950; x_wconf 84' lang='lat' dir='ltr'>vel</span> <span class='ocrx_word' id='word_1_108' title='bbox 1486 2885 1596 2987; x_wconf 86' lang='lat' dir='ltr'>quas</span> 
     </span>
    </p>
   </div>
   <div class='ocr_carea' id='block_1_3' title="bbox 182 2985 1595 3398">
    <p class='ocr_par' dir='ltr' id='par_1_3' title="bbox 182 2985 1595 3398">
     <span class='ocr_line' id='line_1_16' title="bbox 182 2985 1593 3127; baseline 0.002 -39"><span class='ocrx_word' id='word_1_109' title='bbox 182 3015 345 3124; x_wconf 81' lang='lat' dir='ltr'>parens</span> <span class='ocrx_word' id='word_1_110' title='bbox 369 2986 452 3124; x_wconf 87' lang='lat' dir='ltr'>ipse</span> <span class='ocrx_word' id='word_1_111' title='bbox 477 2989 620 3090; x_wconf 67' lang='lat' dir='ltr'>notter</span> <span class='ocrx_word' id='word_1_112' title='bbox 641 2992 872 3123; x_wconf 83' lang='lat' dir='ltr'>compendii</span> <span class='ocrx_word' id='word_1_113' title='bbox 894 2985 1202 3127; x_wconf 80' lang='lat' dir='ltr'>amantifflmus</span> <span class='ocrx_word' id='word_1_114' title='bbox 1225 3025 1281 3091; x_wconf 87' lang='lat' dir='ltr'>ex</span> <span class='ocrx_word' id='word_1_115' title='bbox 1306 2992 1397 3091; x_wconf 85' lang='lat' dir='ltr'>illis</span> <span class='ocrx_word' id='word_1_116' title='bbox 1422 3021 1593 3091; x_wconf 77' lang='lat' dir='ltr'>contru-</span> 
     </span>
     <span class='ocr_line' id='line_1_17' title="bbox 193 3122 1594 3256; baseline 0.004 -31"><span class='ocrx_word' id='word_1_117' title='bbox 193 3136 286 3225; x_wconf 76' lang='lat' dir='ltr'>xit.</span> <span class='ocrx_word' id='word_1_118' title='bbox 313 3127 391 3221; x_wconf 83' lang='lat' dir='ltr'>Ad</span> <span class='ocrx_word' id='word_1_119' title='bbox 418 3122 590 3223; x_wconf 85' lang='lat' dir='ltr'>calcem</span> <span class='ocrx_word' id='word_1_120' title='bbox 619 3162 730 3224; x_wconf 87' lang='lat' dir='ltr'>vero</span> <span class='ocrx_word' id='word_1_121' title='bbox 754 3122 901 3224; x_wconf 87' lang='lat' dir='ltr'>libelli</span> <span class='ocrx_word' id='word_1_122' title='bbox 921 3125 1014 3224; x_wconf 82' lang='lat' dir='ltr'>haec</span> <span class='ocrx_word' id='word_1_123' title='bbox 1037 3126 1174 3226; x_wconf 85' lang='lat' dir='ltr'>habet</span> <span class='ocrx_word' id='word_1_124' title='bbox 1190 3171 1203 3224; x_wconf 79' lang='lat' dir='ltr'>t</span> <span class='ocrx_word' id='word_1_125' title='bbox 1217 3131 1308 3227; x_wconf 72' lang='lat' dir='ltr'>ffic</span> <span class='ocrx_word' id='word_1_126' title='bbox 1332 3124 1390 3256; x_wconf 81' lang='lat' dir='ltr'>est</span> <span class='ocrx_word' id='word_1_127' title='bbox 1412 3137 1521 3225; x_wconf 80' lang='lat' dir='ltr'>enim</span> <span class='ocrx_word' id='word_1_128' title='bbox 1535 3131 1594 3231; x_wconf 60' lang='grc' dir='ltr'>(θ’</span> 
     </span>
     <span class='ocr_line' id='line_1_18' title="bbox 194 3259 1595 3398; baseline -0.001 -37"><span class='ocrx_word' id='word_1_129' title='bbox 194 3263 370 3361; x_wconf 73' lang='lat' dir='ltr'>docendi</span> <span class='ocrx_word' id='word_1_130' title='bbox 393 3264 523 3377; x_wconf 87' lang='lat' dir='ltr'>ordo,</span> <span class='ocrx_word' id='word_1_131' title='bbox 546 3259 805 3392; x_wconf 73' lang='lat' dir='ltr'>&amp;studendi</span> <span class='ocrx_word' id='word_1_132' title='bbox 818 3291 1060 3397; x_wconf 55' lang='lat' dir='ltr'>precepta,</span> <span class='ocrx_word' id='word_1_133' title='bbox 1080 3266 1231 3398; x_wconf 82' lang='lat' dir='ltr'>quibus</span> <span class='ocrx_word' id='word_1_134' title='bbox 1259 3297 1338 3359; x_wconf 87' lang='lat' dir='ltr'>non</span> <span class='ocrx_word' id='word_1_135' title='bbox 1358 3260 1498 3358; x_wconf 80' lang='lat' dir='ltr'>minus</span> <span class='ocrx_word' id='word_1_136' title='bbox 1522 3262 1595 3360; x_wconf 86' lang='lat' dir='ltr'>do-</span> 
     </span>
    </p>
   </div>
   <div class='ocr_carea' id='block_1_4' title="bbox 175 3394 1599 4493">
    <p class='ocr_par' dir='ltr' id='par_1_4' title="bbox 175 3394 1599 4493">
     <span class='ocr_line' id='line_1_19' title="bbox 196 3394 1598 3540; baseline 0 -42"><span class='ocrx_word' id='word_1_137' title='bbox 196 3394 426 3540; x_wconf 71' lang='lat' dir='ltr'>iirffimus,</span> <span class='ocrx_word' id='word_1_138' title='bbox 445 3434 578 3537; x_wconf 83' lang='lat' dir='ltr'>quam</span> <span class='ocrx_word' id='word_1_139' title='bbox 601 3409 788 3533; x_wconf 86' lang='lat' dir='ltr'>optimus</span> <span class='ocrx_word' id='word_1_140' title='bbox 804 3428 968 3532; x_wconf 86' lang='lat' dir='ltr'>parens</span> <span class='ocrx_word' id='word_1_141' title='bbox 989 3432 1133 3514; x_wconf 87' lang='lat' dir='ltr'>meus,</span> <span class='ocrx_word' id='word_1_142' title='bbox 1148 3403 1205 3502; x_wconf 50' lang='grc' dir='ltr'>(θ’</span> <span class='ocrx_word' id='word_1_143' title='bbox 1217 3397 1491 3531; x_wconf 68' lang='lat' dir='ltr'>precipiendi</span> <span class='ocrx_word' id='word_1_144' title='bbox 1498 3398 1598 3531; x_wconf 78' lang='lat' dir='ltr'>jure</span> 
     </span>
     <span class='ocr_line' id='line_1_20' title="bbox 194 3529 1599 3673; baseline -0.003 -34"><span class='ocrx_word' id='word_1_145' title='bbox 194 3573 311 3640; x_wconf 79' lang='lat' dir='ltr'>avus</span> <span class='ocrx_word' id='word_1_146' title='bbox 331 3568 433 3637; x_wconf 81' lang='lat' dir='ltr'>tuus</span> <span class='ocrx_word' id='word_1_147' title='bbox 459 3536 689 3670; x_wconf 57' lang='lat' dir='ltr'>disemulos</span> <span class='ocrx_word' id='word_1_148' title='bbox 711 3529 981 3663; x_wconf 83' lang='lat' dir='ltr'>instituebat,</span> <span class='ocrx_word' id='word_1_149' title='bbox 1017 3573 1111 3673; x_wconf 79' lang='lat' dir='ltr'>quae</span> <span class='ocrx_word' id='word_1_150' title='bbox 1133 3536 1217 3634; x_wconf 82' lang='lat' dir='ltr'>vel</span> <span class='ocrx_word' id='word_1_151' title='bbox 1227 3534 1310 3633; x_wconf 87' lang='lat' dir='ltr'>bac</span> <span class='ocrx_word' id='word_1_152' title='bbox 1327 3567 1411 3633; x_wconf 81' lang='lat' dir='ltr'>uua</span> <span class='ocrx_word' id='word_1_153' title='bbox 1433 3542 1599 3635; x_wconf 80' lang='lat' dir='ltr'>ratione</span> 
     </span>
     <span class='ocr_line' id='line_1_21' title="bbox 189 3667 1597 3815; baseline -0.001 -39"><span class='ocrx_word' id='word_1_154' title='bbox 189 3688 351 3813; x_wconf 83' lang='lat' dir='ltr'>optima</span> <span class='ocrx_word' id='word_1_155' title='bbox 368 3667 440 3815; x_wconf 75' lang='lat' dir='ltr'>effe</span> <span class='ocrx_word' id='word_1_156' title='bbox 455 3672 660 3810; x_wconf 72' lang='lat' dir='ltr'>putabis,</span> <span class='ocrx_word' id='word_1_157' title='bbox 677 3671 791 3810; x_wconf 86' lang='lat' dir='ltr'>quod</span> <span class='ocrx_word' id='word_1_158' title='bbox 803 3706 862 3770; x_wconf 84' lang='lat' dir='ltr'>ex</span> <span class='ocrx_word' id='word_1_159' title='bbox 878 3673 971 3807; x_wconf 79' lang='lat' dir='ltr'>ejus</span> <span class='ocrx_word' id='word_1_160' title='bbox 992 3670 1116 3789; x_wconf 83' lang='lat' dir='ltr'>ludo,</span> <span class='ocrx_word' id='word_1_161' title='bbox 1129 3672 1255 3775; x_wconf 82' lang='lat' dir='ltr'>velut</span> <span class='ocrx_word' id='word_1_162' title='bbox 1278 3706 1334 3771; x_wconf 86' lang='lat' dir='ltr'>ex</span> <span class='ocrx_word' id='word_1_163' title='bbox 1352 3705 1458 3808; x_wconf 84' lang='lat' dir='ltr'>equo</span> <span class='ocrx_word' id='word_1_164' title='bbox 1469 3670 1528 3774; x_wconf 91' lang='lat' dir='ltr'><em>T</em></span> <span class='ocrx_word' id='word_1_165' title='bbox 1527 3710 1597 3775; x_wconf 85' lang='lat' dir='ltr'>ro·</span> 
     </span>
     <span class='ocr_line' id='line_1_22' title="bbox 180 3809 1592 3953; baseline -0.003 -38"><span class='ocrx_word' id='word_1_166' title='bbox 180 3817 435 3953; x_wconf 74' lang='lat' dir='ltr'>jano,meri</span> <span class='ocrx_word' id='word_1_167' title='bbox 457 3814 683 3911; x_wconf 83' lang='lat' dir='ltr'>lite-rarum</span> <span class='ocrx_word' id='word_1_168' title='bbox 689 3818 906 3945; x_wconf 82' lang='lat' dir='ltr'>principes</span> <span class='ocrx_word' id='word_1_169' title='bbox 916 3811 1169 3945; x_wconf 82' lang='lat' dir='ltr'>prodierunt</span> <span class='ocrx_word' id='word_1_170' title='bbox 1178 3866 1191 3908; x_wconf 92' lang='lat'>.·</span> <span class='ocrx_word' id='word_1_171' title='bbox 1210 3818 1424 3911; x_wconf 85' lang='lat' dir='ltr'>Saturnio</span> <span class='ocrx_word' id='word_1_172' title='bbox 1437 3809 1592 3911; x_wconf 91' lang='lat' dir='ltr'>dicen-</span> 
     </span>
     <span class='ocr_line' id='line_1_23' title="bbox 193 3943 1592 4176; baseline -0.001 -125"><span class='ocrx_word' id='word_1_173' title='bbox 193 3943 231 4051; x_wconf 88' lang='lat' dir='ltr'>ti</span> <span class='ocrx_word' id='word_1_174' title='bbox 242 4024 258 4070; x_wconf 98' lang='lat'>,</span> <span class='ocrx_word' id='word_1_175' title='bbox 281 3954 378 4054; x_wconf 85' lang='lat' dir='ltr'>Nec</span> <span class='ocrx_word' id='word_1_176' title='bbox 403 3949 512 4049; x_wconf 87' lang='lat' dir='ltr'>mibi</span> <span class='ocrx_word' id='word_1_177' title='bbox 531 3952 777 4050; x_wconf 86' lang='lat' dir='ltr'>Guarinum</span> <span class='ocrx_word' id='word_1_178' title='bbox 794 3977 975 4085; x_wconf 81' lang='lat' dir='ltr'>utraque</span> <span class='ocrx_word' id='word_1_179' title='bbox 1000 3951 1143 4079; x_wconf 83' lang='lat' dir='ltr'>lingua</span> <span class='ocrx_word' id='word_1_180' title='bbox 1172 3943 1471 4079; x_wconf 78' lang='lat' dir='ltr'>peritiffimum</span> <span class='ocrx_word' id='word_1_181' title='bbox 1490 3974 1592 4176; x_wconf 69' lang='lat' dir='ltr'>fer-</span> 
     </span>
     <span class='ocr_line' id='line_1_24' title="bbox 175 4078 1595 4228; baseline -0.01 -35"><span class='ocrx_word' id='word_1_182' title='bbox 175 4089 363 4226; x_wconf 79' lang='lat' dir='ltr'>suadcre</span> <span class='ocrx_word' id='word_1_183' title='bbox 372 4082 537 4228; x_wconf 79' lang='lat' dir='ltr'>poffirm</span> <span class='ocrx_word' id='word_1_184' title='bbox 564 4088 654 4188; x_wconf 80' lang='lat' dir='ltr'>tale</span> <span class='ocrx_word' id='word_1_185' title='bbox 672 4087 777 4227; x_wconf 76' lang='lat' dir='ltr'>quid</span> <span class='ocrx_word' id='word_1_186' title='bbox 793 4081 966 4225; x_wconf 70' lang='lat' dir='ltr'>dixtffe,</span> <span class='ocrx_word' id='word_1_187' title='bbox 987 4079 1205 4183; x_wconf 86' lang='lat' dir='ltr'>consonat</span> <span class='ocrx_word' id='word_1_188' title='bbox 1222 4078 1437 4177; x_wconf 86' lang='lat' dir='ltr'>Politiani</span> <span class='ocrx_word' id='word_1_189' title='bbox 1458 4080 1492 4176; x_wconf 89' lang='lat' dir='ltr'>il</span> <span class='ocrx_word' id='word_1_190' title='bbox 1513 4084 1595 4200; x_wconf 91' lang='lat' dir='ltr'>ud,</span> 
     </span>
     <span class='ocr_line' id='line_1_25' title="bbox 190 4220 1596 4493; baseline -0.011 -160"><span class='ocrx_word' id='word_1_191' title='bbox 190 4231 347 4334; x_wconf 86' lang='lat' dir='ltr'>Verum</span> <span class='ocrx_word' id='word_1_192' title='bbox 385 4226 630 4365; x_wconf 80' lang='lat' dir='ltr'>quandum</span> <span class='ocrx_word' id='word_1_193' title='bbox 665 4231 769 4350; x_wconf 90' lang='lat' dir='ltr'>(ita</span> <span class='ocrx_word' id='word_1_194' title='bbox 793 4220 897 4493; x_wconf 43' lang='grc' dir='ltr'>γε</span> <span class='ocrx_word' id='word_1_195' title='bbox 926 4221 985 4320; x_wconf 91' lang='lat' dir='ltr'>ad</span> <span class='ocrx_word' id='word_1_196' title='bbox 1014 4220 1264 4358; x_wconf 85' lang='lat' dir='ltr'>Baptistam</span> <span class='ocrx_word' id='word_1_197' title='bbox 1295 4224 1596 4350; x_wconf 81' lang='lat' dir='ltr'>Guarinum)</span> 
     </span>
     <span class='ocr_line' id='line_1_26' title="bbox 782 4399 904 4463; baseline 0.016 -2"><span class='ocrx_word' id='word_1_198' title='bbox 782 4399 806 4461; x_wconf 91' lang='lat' dir='ltr'>o</span> <span class='ocrx_word' id='word_1_199' title='bbox 828 4399 848 4461; x_wconf 86' lang='lat' dir='ltr'>e</span> <span class='ocrx_word' id='word_1_200' title='bbox 881 4401 904 4463; x_wconf 92' lang='lat' dir='ltr'>o</span> 
     </span>
    </p>
   </div>
   <div class='ocr_carea' id='block_1_5' title="bbox 186 4356 1595 5060">
    <p class='ocr_par' dir='ltr' id='par_1_5' title="bbox 190 4356 1595 4641">
     <span class='ocr_line' id='line_1_27' title="bbox 190 4356 1595 4497; baseline -0.001 -30"><span class='ocrx_word' id='word_1_201' title='bbox 190 4380 370 4470; x_wconf 86' lang='lat' dir='ltr'>omnium</span> <span class='ocrx_word' id='word_1_202' title='bbox 385 4376 530 4469; x_wconf 67' lang='lat' dir='ltr'>etatis</span> <span class='ocrx_word' id='word_1_203' title='bbox 553 4364 710 4466; x_wconf 68' lang='lat' dir='ltr'>mura</span> <span class='ocrx_word' id='word_1_204' title='bbox 720 4392 782 4497; x_wconf 82' lang='lat' dir='ltr'>pr</span> <span class='ocrx_word' id='word_1_205' title='bbox 906 4396 1003 4466; x_wconf 85' lang='lat' dir='ltr'>rum</span> <span class='ocrx_word' id='word_1_206' title='bbox 1022 4360 1340 4492; x_wconf 67' lang='lat' dir='ltr'>celeberrimus,</span> <span class='ocrx_word' id='word_1_207' title='bbox 1355 4359 1487 4461; x_wconf 82' lang='lat' dir='ltr'>aliter</span> <span class='ocrx_word' id='word_1_208' title='bbox 1491 4356 1595 4495; x_wconf 84' lang='lat' dir='ltr'>sen·</span> 
     </span>
     <span class='ocr_line' id='line_1_28' title="bbox 190 4501 835 4641; baseline -0.011 -34"><span class='ocrx_word' id='word_1_209' title='bbox 190 4519 281 4623; x_wconf 82' lang='lat' dir='ltr'>tis,</span> <span class='ocrx_word' id='word_1_210' title='bbox 316 4506 430 4606; x_wconf 87' lang='lat' dir='ltr'>nihil</span> <span class='ocrx_word' id='word_1_211' title='bbox 439 4506 539 4641; x_wconf 77' lang='lat' dir='ltr'>jam</span> <span class='ocrx_word' id='word_1_212' title='bbox 561 4503 686 4603; x_wconf 78' lang='lat' dir='ltr'>credo</span> <span class='ocrx_word' id='word_1_213' title='bbox 705 4501 835 4601; x_wconf 85' lang='lat' dir='ltr'>mibi.</span> 
     </span>
    </p>

    <p class='ocr_par' dir='ltr' id='par_1_6' title="bbox 186 4633 1595 5060">
     <span class='ocr_line' id='line_1_29' title="bbox 258 4633 1587 4780; baseline -0.002 -39"><span class='ocrx_word' id='word_1_214' title='bbox 258 4639 589 4744; x_wconf 86' lang='lat' dir='ltr'>Ediverticulo</span> <span class='ocrx_word' id='word_1_215' title='bbox 611 4648 738 4742; x_wconf 85' lang='lat' dir='ltr'>viam</span> <span class='ocrx_word' id='word_1_216' title='bbox 766 4675 1017 4780; x_wconf 85' lang='lat' dir='ltr'>repetens,</span> <span class='ocrx_word' id='word_1_217' title='bbox 1033 4638 1264 4740; x_wconf 87' lang='lat' dir='ltr'>coronidis</span> <span class='ocrx_word' id='word_1_218' title='bbox 1294 4634 1396 4737; x_wconf 87' lang='lat' dir='ltr'>ioco</span> <span class='ocrx_word' id='word_1_219' title='bbox 1426 4633 1587 4738; x_wconf 86' lang='lat' dir='ltr'>exscri-</span> 
     </span>
     <span class='ocr_line' id='line_1_30' title="bbox 186 4777 1595 4919; baseline -0.006 -38"><span class='ocrx_word' id='word_1_220' title='bbox 186 4779 299 4881; x_wconf 83' lang='lat' dir='ltr'>bam</span> <span class='ocrx_word' id='word_1_221' title='bbox 331 4777 467 4882; x_wconf 84' lang='lat' dir='ltr'>verba</span> <span class='ocrx_word' id='word_1_222' title='bbox 492 4789 691 4882; x_wconf 85' lang='lat' dir='ltr'>Saturnii</span> <span class='ocrx_word' id='word_1_223' title='bbox 728 4821 781 4882; x_wconf 86' lang='lat' dir='ltr'>ex</span> <span class='ocrx_word' id='word_1_224' title='bbox 805 4777 912 4897; x_wconf 87' lang='lat' dir='ltr'>libri</span> <span class='ocrx_word' id='word_1_225' title='bbox 933 4786 1089 4919; x_wconf 91' lang='lat' dir='ltr'>quinti</span> <span class='ocrx_word' id='word_1_226' title='bbox 1111 4817 1206 4918; x_wconf 86' lang='lat' dir='ltr'>cap.</span> <span class='ocrx_word' id='word_1_227' title='bbox 1224 4794 1297 4877; x_wconf 84' lang='lat'>18.</span> <span class='ocrx_word' id='word_1_228' title='bbox 1323 4793 1370 4877; x_wconf 89' lang='lat'><strong>&amp;</strong></span> <span class='ocrx_word' id='word_1_229' title='bbox 1394 4817 1466 4895; x_wconf 85' lang='lat'>19·</span> <span class='ocrx_word' id='word_1_230' title='bbox 1489 4785 1595 4915; x_wconf 79' lang='lat' dir='ltr'>qui·</span> 
     </span>
     <span class='ocr_line' id='line_1_31' title="bbox 186 4912 1593 5060; baseline -0.006 -42"><span class='ocrx_word' id='word_1_231' title='bbox 186 4916 276 5019; x_wconf 85' lang='lat' dir='ltr'>bus</span> <span class='ocrx_word' id='word_1_232' title='bbox 302 4927 526 5021; x_wconf 86' lang='lat' dir='ltr'>tationem</span> <span class='ocrx_word' id='word_1_233' title='bbox 550 4928 670 5024; x_wconf 71' lang='lat' dir='ltr'>reste</span> <span class='ocrx_word' id='word_1_234' title='bbox 685 4993 711 5040; x_wconf 79' lang='lat'>„</span> <span class='ocrx_word' id='word_1_235' title='bbox 733 4934 778 5021; x_wconf 89' lang='lat'>&amp;</span> <span class='ocrx_word' id='word_1_236' title='bbox 805 4917 945 5021; x_wconf 86' lang='lat' dir='ltr'>latine</span> <span class='ocrx_word' id='word_1_237' title='bbox 965 4916 1238 5060; x_wconf 85' lang='lat' dir='ltr'>defignandi</span> <span class='ocrx_word' id='word_1_238' title='bbox 1263 4915 1412 5020; x_wconf 87' lang='lat' dir='ltr'>natale</span> <span class='ocrx_word' id='word_1_239' title='bbox 1440 4912 1593 5014; x_wconf 89' lang='lat' dir='ltr'>solum</span> 
     </span>
    </p>
   </div>
   <div class='ocr_carea' id='block_1_6' title="bbox 182 5054 1593 5285">
    <p class='ocr_par' dir='ltr' id='par_1_7' title="bbox 182 5054 1593 5285">
     <span class='ocr_line' id='line_1_32' title="bbox 182 5054 1593 5285; baseline -0.006 -124"><span class='ocrx_word' id='word_1_240' title='bbox 182 5060 470 5185; x_wconf 88' lang='lat' dir='ltr'>edocemur,</span> <span class='ocrx_word' id='word_1_241' title='bbox 504 5099 554 5162; x_wconf 92' lang='lat' dir='ltr'>ac</span> <span class='ocrx_word' id='word_1_242' title='bbox 589 5068 797 5200; x_wconf 88' lang='lat' dir='ltr'>primum</span> <span class='ocrx_word' id='word_1_243' title='bbox 830 5056 1022 5200; x_wconf 86' lang='lat' dir='ltr'>nullum</span> <span class='ocrx_word' id='word_1_244' title='bbox 1057 5059 1142 5163; x_wconf 83' lang='lat' dir='ltr'>esse</span> <span class='ocrx_word' id='word_1_245' title='bbox 1180 5054 1425 5160; x_wconf 90' lang='lat' dir='ltr'>discrimen</span> <span class='ocrx_word' id='word_1_246' title='bbox 1438 5062 1593 5285; x_wconf 85' lang='lat' dir='ltr'>Cinter</span> 
     </span>
     <span class='ocr_line' id='line_1_33' title="bbox 1479 5224 1530 5284; baseline -0.02 -19"><span class='ocrx_word' id='word_1_247' title='bbox 1479 5224 1530 5284; x_wconf 83' lang='lat'>0-</span> 
     </span>
    </p>
   </div>
   <div class='ocr_carea' id='block_1_7' title="bbox 0 0 2234 6745">
    <p class='ocr_par' dir='ltr' id='par_1_8' title="bbox 0 0 2234 6745">
     <span class='ocr_line' id='line_1_34' title="bbox 0 0 2234 6745; baseline 0 0"><span class='ocrx_word' id='word_1_248' title='bbox 0 0 2234 6745; x_wconf 95' lang='lat' dir='ltr'> </span> 
     </span>
    </p>
   </div>
  </div>
 </body>
</html>
