4459 6750
750 906 1464 1032 GRAMMATICA.
1676 926 1748 1036 '57

915 1055 980 1134 Ex
1006 1052 1067 1138 lib.
1103 1084 1136 1156 ς.
1168 1085 1198 1137 c.
1234 1079 1295 1157 19.
1808 1068 1817 1083 ‘
1916 1133 1921 1143 .

454 1152 626 1268 Irrepfit
646 1155 803 1256 etiam,
832 1161 1098 1272 invaluitque
1118 1164 1349 1272 depravata
1367 1161 1409 1244 in
1430 1157 1578 1271 primis
1607 1158 1656 1244 dc
1676 1187 1820 1250 corru-

391 1285 471 1376 pta
492 1267 663 1351 dicendi
691 1271 822 1369 ratio,
850 1287 901 1352 ut
919 1296 1018 1356 cum
1037 1271 1178 1357 natale
1196 1271 1335 1358 solum
1353 1268 1591 1382 cujuspiam
1617 1269 1819 1381 fignifica-

397 1400 444 1458 re
471 1378 706 1478 volumus,
732 1405 813 1463 non
841 1383 980 1490 patrio
995 1385 1190 1477 nomine,
1215 1404 1271 1464 ut
1301 1381 1480 1492 probata
1509 1381 1676 1479 dioendi
1705 1386 1817 1466 ratio

396 1486 614 1594 postulat,
643 1509 838 1587 utamur,
869 1489 996 1572 Plato
1016 1487 1306 1590 Atheniensis,
1330 1489 1543 1574 Camillus
1565 1491 1810 1594 Romanus,

395 1595 473 1680 sed
495 1598 740 1698 insolenter,
762 1628 819 1684 ac
844 1596 1016 1684 sordide
1045 1601 1264 1708 loquentes
1292 1599 1493 1695 dicimus,
1517 1600 1574 1682 de
1595 1601 1810 1702 Athenis,

400 1707 459 1789 de
478 1707 620 1794 Roma
640 1772 649 1792 .
682 1706 793 1819 Qrae
812 1709 1024 1794 barbaries
1044 1737 1145 1794 cum
1162 1709 1278 1820 apud
1296 1738 1440 1794 omnes
1460 1704 1548 1795 fere
1565 1711 1810 1819 viget,tum

398 1827 504 1901 vero
519 1820 634 1930 apud
653 1820 790 1904 nullos
808 1819 964 1929 magis,
981 1846 1113 1934 quam
1133 1846 1318 1931 quorum
1339 1814 1588 1903 interfuisset
1599 1824 1812 1917 ,omnium

400 1924 493 2012 fore
521 1949 621 2014 tum
638 1932 915 2029 eruditiores,
943 1952 1039 2016 tum
1060 1930 1359 2040 sapientiores.
1388 1929 1816 2038 Erroremquesuom

396 2057 603 2123 tutantur
624 2041 774 2150 ,quod
795 2040 1057 2126 Atheniensis
1075 2094 1092 2142 ‚
1109 2041 1364 2142 Romanus,
1391 2039 1440 2124 ὅ(
1457 2038 1502 2123 id
1520 2066 1648 2150 genus
1676 2043 1815 2147 patria

396 2149 600 2250 nomina,
633 2174 717 2232 non
732 2149 918 2262 aliquem
937 2153 979 2234 in
997 2149 1101 2239 urbe
1121 2209 1133 2250 ,
1154 2150 1226 2235 sed
1244 2155 1286 2235 in
1304 2178 1405 2262 agro
1423 2151 1694 2261 progenitum
1713 2147 1812 2257 adsi

398 2258 634 2370 gnificant.
674 2257 1021 2374 Exemplumque
1047 2265 1180 2349 citant
1209 2259 1449 2373 Apuleiana
1486 2287 1540 2345 ex
1574 2259 1813 2370 Apologia:

398 2375 564 2486 guanto
600 2366 795 2478 modestius
830 2377 1076 2459 Mantuanus
1105 2382 1270 2459 Poeta.
1316 2371 1494 2465 Constat
1531 2373 1643 2454 enim
1675 2370 1812 2479 Virgi-

398 2482 512 2564 lium
541 2507 621 2562 non
636 2477 806 2562 iourbe
823 2478 1006 2567 Mantua
1016 2543 1038 2585 ,.
1049 2482 1123 2566 sed
1143 2484 1184 2566 in
1203 2483 1298 2565 vico
1317 2480 1441 2564 Ande
1461 2500 1610 2562 uotum
1628 2481 1729 2575 elle,
1752 2479 1812 2561 ob

398 2588 448 2674 id
478 2589 548 2673 vel
579 2588 797 2673 Andioum
815 2589 1049 2677 Poetam'a
1079 2591 1183 2677 Silio
1208 2591 1361 2677 Italico
1389 2588 1683 2703 appellatum.
1717 2587 1815 2670 Pro·

400 2721 551 2813 pterea
565 2699 799 2786 tollendam
816 2701 871 2785 ad
891 2702 1221 2813 ambiguitatem
1240 2700 1461 2788 necessario
1480 2701 1562 2783 dici
1573 2757 1587 2799 ,
1603 2699 1661 2782 de
1681 2697 1816 2781 Athe·

400 2809 563 2910 nis,.de
577 2807 756 2896 Roma.
783 2811 932 2896 Deum
957 2814 1271 2915 immortalem,
1292 2840 1385 2925 qua
1415 2832 1610 2924 portenta
1638 2807 1814 2921 agrestes

402 2920 500 3019 isti,
526 2945 577 3004 ac
624 2918 763 3004 elsrme
777 2921 939 3009 literati
968 2923 1314 3023 deblaterant...
1344 2923 1480 3037 Quod
1511 2920 1816 3031 fisuperllitio·

399 3029 467 3115 sos
484 2947 688 3115 ruossaec
707 3058 809 3117 cura
835 3035 1103 3136 circumstat,
1135 3058 1183 3119 ut
1206 3034 1445 3149 {repudiatis
1475 3031 1715 3116 nominibus
1743 3058 1814 3140 pa·

399 3142 497 3225 triis
512 3198 527 3239 ,
554 3139 754 3225 ablativis
778 3144 922 3334 potius
951 3148 1017 3229 uti
1046 3146 1205 3243 velint,
1236 3143 1406 3254 perinde
1434 3140 1549 3253 quast
1578 3170 1629 3223 eo
1648 3139 1816 3222 dicendi

403 3277 555 3364 genere
573 3249 714 3337 natale
731 3250 775 3336 so
795 3282 870 3338 um
888 3254 959 3338 vel
976 3254 1200 3367 expressius
1211 3252 1302 3352 ,vel
1314 3251 1519 3336 illustrius
1538 3249 1713 3332 relaturi
1725 3245 1819 3341 lint,

399 3382 580 3447 utantur
607 3360 701 3447 saue
730 3392 805 3474 per
825 3392 896 3448 me
916 3363 1039 3464 licet,
1070 3365 1144 3445 sed
1163 3360 1529 3472 quemadmodum
1559 3353 1820 3438 excellentis·

400 3473 499 3557 fimi
515 3471 759 3560 Latinitatis
779 3472 990 3559 Audtores
1007 3471 1317 3559 consueverunt
1338 3529 1347 3547 .
1369 3529 1405 3557 ..
1437 3468 1584 3576 Atque
1604 3464 1839 3553 his-omni.

401 3583 483 3667 bus
507 3586 714 3699 exemplis
739 3583 830 3687 jam
864 3584 1110 3697 persuasum
1142 3580 1224 3681 fit,
1255 3582 1442 3690 primum
1482 3577 1652 3661 nomina
1677 3576 1820 3684 vpatria

399 3705 520 3806 ae'q'ue
548 3722 643 3796 eos,
671 3699 745 3881 qui
765 3700 807 3779 in
827 3696 954 3797 urbe,
981 3723 1117 3810 quam
1137 3694 1211 3804 qui
1233 3692 1320 3777 ruri
1341 3692 1592 3788 nascuntur,
1622 3683 1822 3797 fignifica-

400 3832 451 3888 re
473 3866 482 3883 .
511 3805 629 3886 Dein
647 3807 689 3884 ni
727 3806 892 3911 prorsus
908 3804 1121 3904 interesse,
1137 3825 1287 3890 utrum
1306 3801 1661 3915 quisdicat‚sum
1673 3803 1818 3880 Roma·

403 3939 503 4008 nur,
524 3939 575 3990 aa
598 3938 626 3989 a
645 3915 772 3991 Roma
789 3944 801 3986 .·
831 3917 924 3992 Sum
942 3917 1170 4014 Brixianut,
1188 3943 1240 3995 an
1260 3945 1303 3998 ex
1325 3918 1462 3997 Brixia
1483 3973 1491 3988 .
1523 3910 1739 3990 Ablativis
1757 3928 1817 3989 ta.

405 4046 540 4118 men,
573 4017 647 4103 ubi
667 4021 904 4128 patriorum
918 4022 1130 4110 inclinatio
1149 4023 1393 4109 duriuscule
1415 4016 1818 4122 contigerir,pntius

388 4130 617 4250 ⁸utendum
637 4128 810 4216 censeo.
846 4132 954 4220 Sunt
979 4137 1093 4223 enim
1121 4137 1322 4245 pleraque
1350 4128 1483 4237 usque
1517 4129 1626 4206 adeo
1645 4120 1818 4230 prolatu

407 4242 622 4343 difficilia,
652 4262 703 4325 ut
722 4242 949 4353 primitivis
967 4247 1097 4330 satius
1119 4239 1254 4326 utifit
1265 4297 1279 4339 ‚
1307 4265 1439 4349 quam
1453 4232 1726 4318 derivativis.

468 4388 633 4479 Nemo
656 4374 820 4494 mihi,
855 4414 909 4476 ut
944 4375 1100 4515 spero,
1136 4370 1445 4489 succensebit,
1471 4368 1640 4472 sradeo
1666 4371 1815 4474 multa

403 4559 462 4616 ex
477 4523 718 4615 Mercurio
741 4523 944 4615 Saturnii
971 4508 1273 4653 exscripserim
1303 4510 1432 4621 loca3
1462 4507 1535 4611 sed
1564 4547 1727 4611 eontra
1763 4522 1815 4611 in

404 4654 482 4754 his
517 4662 686 4756 miram
713 4660 867 4753 Latini
904 4649 1123 4754 sermonis
1156 4648 1469 4771 suavitatem,
1505 4692 1557 4751 ac
1583 4647 1814 4752 Tul-liano:

406 4794 752 4932 propemodum
772 4800 994 4894 orationis
1010 4789 1223 4912 succum,
1239 4828 1333 4893 una
1348 4828 1535 4895 mecum
1552 4792 1815 4930 degustans,

404 4930 482 5030 illi
504 4939 657 5068 potius
677 4928 982 5052 succensebit,
1001 4941 1093 5072 qui
1116 4971 1216 5034 non
1241 4934 1437 5075 quidem
1462 4931 1702 5033 exercendi
1725 4930 1818 5061 sty-

402 5069 641 5208 ligram,
660 5066 740 5176 sed
759 5069 869 5177 serio
890 5072 1160 5195 affirmaret,
1176 5084 1455 5181 Saturnium
1484 5105 1632 5172 artem
1655 5073 1816 5164 Latine

478 5204 611 5343 RH.
1137 5220 1226 5349 ‘H
1500 5312 1503 5316 ἵ
1556 5205 1751 5341 loquen-
