4459 6750
598 841 650 941 Θ
669 830 790 955 RA
811 835 1031 960 ΜΜΛ
1047 834 1286 966 TIG'A·
1504 863 1574 979 '47

237 994 285 1116 ιι
307 983 397 1080 est,
423 988 471 1060 ea
492 971 681 1062 studiosis
698 977 924 1084 omnibus,
955 981 1022 1066 vel
1050 982 1217 1102 parcius
1248 983 1457 1078 utendum
1478 995 1641 1100 censue<

239 1124 473 1344 rmiupina
503 1211 553 1301 in
576 1243 608 1303 ιι
638 1203 737 1307 aliis
762 1215 899 1309 etiam
930 1190 1266 1348 ,verbis‚quam
1290 1212 1351 1312 de
1374 1211 1477 1316 loco
1494 1214 1638 1354 signi·

231 1340 478 1443 ficantibus
490 1418 505 1461 ,
524 1337 683 1480 passim
705 1357 951 1470 conjuncta
976 1357 1188 1484 reperiri,
1211 1352 1369 1452 docere
1389 1347 1638 1491 suscipiens

227 1522 326 1620 cap.
348 1521 422 1600 17.
447 1491 509 1581 ita
533 1489 721 1614 incipit:
743 1486 896 1581 Istunc
907 1485 1119 1585 Laurenti
1131 1503 1214 1599 ,ξφ
1220 1493 1479 1623 praeclaram
1506 1495 1633 1598 illam

222 1630 551 1759 preceptionem
571 1646 693 1716 tunm
706 1618 851 1755 jersia.
889 1615 1069 1720 Definit
1086 1657 1217 1727 veros

701 1755 704 1762 ’
768 1761 833 1841 Ex
860 1755 921 1839 lib.
944 1755 981 1836 8.
1008 1787 1043 1848 c.
1065 1785 1133 1865 17.

288 1869 437 1984 Qrare
454 1866 521 1953 his
540 1889 630 1954 tarn
652 1870 802 1971 certis,
816 1891 991 1981 tamque
1013 1871 1223 1980 preclaris
1242 1877 1449 1985 exemplis
1460 1877 1553 1978 jam
1570 1882 1639 1969 de.

224 1983 361 2065 fiuant
380 1980 557 2066 insanire
576 1981 892 2068 Grammaticis
904 1980 1221 2093 Laurentioque
1240 2005 1409 2069 tantum
1431 1986 1639 2089 tribuant,

261 2114 441 2176 uantum
469 2093 563 2171 viro
590 2091 688 2173 sane
713 2093 844 2178 dono
863 2145 879 2190 ,
900 2096 1062 2202 quique
1087 2094 1251 2194 multa,
1281 2123 1361 2177 non
1388 2099 1462 2207 qui
1489 2099 1634 2182 omnia

226 2119 428 2288 Fciverir.
468 2199 571 2283 Pars
598 2202 762 2310 optima
789 2201 1000 2317 sapientiae
1029 2202 1112 2303 est,
1141 2231 1223 2286 non
1249 2208 1409 2314 opinari
1437 2229 1484 2290 re
1513 2205 1640 2310 scire,

144 2416 147 2421 Δ
223 2315 342 2423 quod
361 2311 545 2395 nescias.
575 2309 814 2421 Nunquam
833 2334 972 2409 errat,
1000 2317 1072 2422 qui
1099 2315 1145 2406 se
1164 2313 1321 2398 nescire
1347 2345 1427 2400 non
1447 2320 1640 2428 ignorat.

227 2424 320 2507 Ubi
357 2425 540 2519 nimium
572 2419 653 2532 ipsr
675 2420 798 2511 nobis
820 2425 1091 2525 ¹tribuimus,
1119 2423 1165 2509 ἃ
1197 2425 1302 2511 solos
1330 2427 1480 2514 Attica
1507 2428 1637 2512 mella

224 2559 398 2617 manare
418 2554 643 2643 putamus,
671 2533 923 2647 plerumque
940 2536 1044 2617 dum
1059 2537 1321 2642 argutiores,
1348 2562 1400 2616 ac
1421 2536 1640 2645 sapientio-

222 2672 288 2725 res
315 2643 450 2726 videri
479 2642 714 2751 nolumus,
734 2643 916 2737 ¹fallente
939 2673 1015 2732 nos
1044 2652 1250 2751 ueritate,
1279 2642 1492 2730 stultiores
1514 2672 1639 2763 appa·

217 2780 383 2839 remus.

292 2911 643 3005 Trauationem
668 2944 865 3012 ornnem
887 2910 946 3014 de
969 2919 1154 3056 Supinis
1181 2918 1232 3010 in
1255 2947 1287 3015 ιι
1310 2904 1549 3010 concludit
1560 2919 1636 3053 Sa·

216 3052 406 3152 turnius
435 3080 530 3180 cap.
562 3063 636 3141 18.

421 3262 426 3273 ,
757 3189 821 3267 Ex
849 3187 913 3268 lib.
933 3183 971 3266 8.
1003 3215 1035 3269 c.
1058 3191 1124 3271 18.

277 3292 502 3384 Hasienus
539 3294 595 3376 de
612 3292 769 3401 supinis
789 3297 831 3377 in
850 3325 875 3377 ιι
897 3295 951 3378 fic
966 3297 1285 3406 disputavimus
1306 3295 1509 3407 ,perinde
1527 3321 1631 3405 qua·

218 3407 255 3489 sr
284 3406 389 3488 nihil
420 3401 608 3485 cunctati
635 3401 798 3499 fimus,
826 3406 929 3512 quin
959 3406 1117 3484 easint
1147 3431 1249 3485 vera
1272 3403 1457 3510 supina,
1483 3398 1588 3500 conf
1615 3453 1631 3477 .

217 3518 323 3600 tatis
352 3520 518 3607 eriam,
544 3537 640 3619 quae
669 3512 788 3591 nobis
816 3514 1029 3593 contraria
1058 3509 1139 3593 esse
1169 3512 1441 3596 viderentur.
1496 3507 1630 3597 Nunc

212 3628 398 3710 intuitus
419 3623 573 3706 mentis
590 3619 720 3703 altius
733 3617 952 3729 figendus,
965 3644 1020 3703 ac
1040 3621 1195 3704 veritas
1213 3621 1300 3731 ipsa
1317 3618 1488 3731 pressius
1506 3621 1633 3705 consr-

215 3736 431 3821 deranda.
475 3731 682 3842 Pleraque
696 3728 797 3814 sunt
818 3732 930 3814 enim
951 3728 1159 3828 ,fallente
1178 3730 1340 3831 forma,
1364 3730 1511 3844 quaesi
1537 3761 1634 3843 pro·

213 3852 314 3944 cul,
346 3846 393 3928 ὅ(
408 3844 641 3927 oscitanter
659 3839 1043 3950 aspicias‚probes‚
1069 3842 1269 3927 eademst
1292 3851 1487 3954 propius,
1515 3871 1565 3927 ac
1586 3842 1631 3927 fi-

215 3961 313 4041 xius
337 3960 551 4051 intueare,
575 3951 723 4033 statim
746 3951 979 4061 reprobes.
1020 3952 1169 4063 Qsare
1197 3956 1401 4058 quicquid
1425 3974 1554 4031 antea
1575 3954 1629 4034 de

213 4067 372 4176 supinis
401 4068 441 4146 in
462 4092 488 4144 ιι
507 4060 775 4173 disputatum
791 4062 886 4166 est,
915 4063 1114 4175 equidem
1141 4060 1251 4144 bene
1278 4059 1470 4141 multum
1499 4057 1629 4167 suspi-

220 4207 292 4263 cor
313 4205 360 4260 ea
381 4172 461 4258 esse
487 4178 678 4258 nomina.

281 4323 542 4447 Quinque
575 4306 668 4409 srbi
695 4305 921 4433 objecisset
948 4303 1234 4435 Qintiliani
1262 4311 1593 4406 austoritatern
1605 4378 1624 4425 ,

212 4456 400 4555 adeam
423 4460 488 4550 ita
515 4455 728 4587 reponit:

265 4618 416 4726 Itaque
432 4612 500 4696 his
517 4631 587 4693 rot
603 4670 620 4710 ,‚
649 4638 699 4695 ac
718 4614 847 4696 tantis
866 4612 1101 4699 rationibus
1120 4638 1228 4697 eum
1249 4611 1398 4723 supina
1427 4612 1470 4693 in
1499 4638 1526 4691 u
1556 4634 1625 4691 no·

206 4728 323 4810 mina
342 4724 538 4822 asserere,
566 4720 789 4807 transversr
808 4724 1104 4823 traheremur,
1128 4750 1228 4809 ecce
1249 4723 1326 4807 tibi
1358 4720 1620 4834 graviffimus

206 4837 357 4922 aueror
382 4832 534 4920 Fabius
554 4832 847 4947 Qrintilianus
877 4834 1066 4935 obfistit,
1096 4836 1280 4920 *statuens
1306 4862 1357 4919 ea
1388 4829 1466 4915 esse
1490 4827 1622 4912 verba

204 4947 475 5055 participalia
495 5005 507 5028 .
543 4945 737 5031 Candide
757 4944 935 5050 uerior,
949 4946 1024 5031 'hic
1040 4946 1131 5049 jam
1149 4952 1298 5058 opinor
1318 4948 1435 5029 vides
1447 5001 1459 5043 ‚
1488 4964 1622 5052 quam

193 5055 465 5170 scopuloso,
483 5082 536 5145 ac
555 5056 717 5147 difficili
734 5058 777 5172 in
794 5059 890 5148 loco
908 5056 1124 5152 versemur
1144 5120 1154 5147 .
1187 5056 1363 5175 Quppe
1394 5057 1491 5140 hinc
1502 5047 1621 5244 dripli-
