4459 6750
831 854 1394 986 PLAUTUS.
1681 893 1741 988 t7

467 987 1027 1082 nduiach'oufirmaverunt
1043 1055 1058 1100 ,
1097 996 1423 1098 stabiliverunt,
1452 1020 1504 1085 ur
1541 1003 1713 1089 minime
1743 1005 1818 1089 du·

401 1159 408 1176 .
438 1102 753 1203 iraverirn,tibi
771 1105 851 1190 else
869 1106 1128 1196 destinandas
1147 1108 1221 1192 har
1239 1107 1625 1195 lucubratiunculas
1645 1117 1686 1198 in
1699 1113 1819 1199 Plau·

401 1212 514 1300 tinar
543 1211 786 1299 Comoedias
813 1214 1072 1326 longiusculo
1102 1239 1295 1328 tempore
1324 1215 1527 1329 perfodiat
1554 1216 1579 1322 ;'
1601 1224 1715 1331 quod
1744 1226 1814 1308 dos

398 1320 587 1406 mesticis
615 1325 740 1424 curis,
759 1324 1000 1439 vmultisque
1026 1329 1175 1421 anxius
1206 1326 1558 1427 solicitudinibus,
1584 1333 1707 1414 citius
1736 1359 1816 1414 non

399 1433 648 1541 potuerim,
683 1457 814 1547 quam
842 1435 931 1547 ipse
966 1436 1224 1551 cupiebam,¹
1252 1438 1496 1550 transigere.
1539 1435 1650 1549 Qrae
1678 1438 1706 1521 fi
1736 1442 1827 1525 ribi

401 1540 676 1648 placuerint,
710 1545 812 1631 Viro
836 1544 975 1632 nostra
1006 1547 1084 1632 hac
1112 1567 1238 1633 aetate
1267 1576 1348 1634 non
1377 1548 1540 1635 liberali
1561 1549 1704 1634 animo
1725 1578 1812 1634 mo·

398 1651 501 1752 do,
525 1651 574 1737 δι
603 1655 1105 1768 menticmagnitudine,
1142 1685 1193 1742 ac
1223 1656 1457 1770 Religionis
1485 1658 1639 1760 cultu,
1678 1656 1748 1744 sed
1774 1672 1813 1740 e·-

408 1761 516 1846 tiam
544 1763 733 1850 dourina
760 1768 951 1869 eximia,
977 1796 1027 1853 ac
1048 1767 1358 1882 propemodum
1378 1767 1603 1883 fingnlari,
1635 1797 1715 1853 nnn
1745 1789 1813 1878 pa·-

408 1898 506 1957 rum
536 1901 606 1958 me
634 1873 848 1987 profecisse
869 1898 1101 1988 putavero,
1119 1903 1382 1991 quamquam
1402 1879 1550 1979 sentio,
1572 1882 1612 1964 in
1633 1906 1677 1964 re
1705 1878 1811 1982 ejus·

399 1983 524 2066 modi
552 2011 683 2094 quam
711 1985 884 2070 difficile
911 1984 962 2072 fit
991 1988 1165 2075 laudem
1191 1987 1688 2100 promereri,·Plautinas
1720 1989 1807 2100 pol·

402 2094 524 2176 liceri
554 2096 871 2206 castigationes,
898 2097 973 2181 ubi
1004 2121 1070 2183 tot
1099 2127 1179 2185 non
1209 2100 1337 2185 modo
1368 2099 1529 2185 inversa
1562 2101 1725 2200 verba,
1765 2096 1812 2186 ὅ(

399 2204 653 2312 praepostere
682 2204 814 2316 posita
842 2205 961 2308 sunt,
990 2208 1060 2294 secl
1077 2214 1211 2296 etiam
1229 2230 1296 2296 tot
1326 2210 1456 2296 verba
1472 2208 1701 2296 deficiant.
1729 2207 1812 2292 Sed

405 2312 511 2418 quid
539 2343 616 2425 ego
644 2315 774 2400 verba
804 2329 1077 2407 memorem?
1113 2348 1213 2405 curn
1250 2346 1332 2406 non
1360 2320 1490 2406 modo
1519 2319 1659 2403 versus
1688 2317 1815 2403 dimi·

403 2423 513 2506 diati
543 2427 833 2527 inveniantur,
860 2427 931 2512 sed
950 2432 1082 2515 etiam
1101 2429 1234 2516 desint
1253 2430 1424 2540 integri,
1454 2455 1527 2514 nec
1557 2429 1697 2518 versus
1727 2455 1816 2514 nro·-

403 2532 477 2631 do,
507 2533 577 2616 sed
601 2535 881 2620 etiamScenae
909 2539 1098 2650 integre,
1128 2540 1396 2651 atqueadeo,
1422 2543 1554 2625 etiam
1581 2536 1815 2623 dimidiatae

404 2641 640 2727 Comoediae
663 2643 754 2746 jam
784 2648 1001 2756 perierint.
1032 2650 1159 2753 Adde
1179 2676 1303 2762 porro
1322 2667 1488 2734 tantam
1510 2648 1650 2732 Poetae
1671 2644 1815 2732 reruni

404 2752 649 2862 caliginem,
675 2755 732 2838 ob
750 2759 1005 2867 incognitam
1033 2758 1291 2845 vetustatem
1308 2780 1358 2843 ut
1377 2758 1567 2860 Sisenna,
1587 2779 1729 2843 tantus
1757 2757 1817 2838 in·

401 2889 534 2967 quam
549 2863 782 2964 Audon&
794 2867 1034 2980 Varro,qui
1054 2871 1332 2981 undecunque
1351 2867 1604 2955 doctissimus
1623 2866 1680 2952 eli
1699 2894 1725 2953 a
1743 2864 1817 2949 do·

403 2970 587 3057 &issimis
624 2974 792 3075 didius,
828 2979 985 3061 nedum
1015 2980 1212 3066 Donatus
1241 3038 1255 3080 ,
1293 2975 1502 3081 Servius,
1540 2978 1601 3064 dc
1627 2976 1816 3090 plerique

405 3084 478 3166 alii
509 3085 795 3170 Grammatici
823 3114 904 3172 non
933 3116 1084 3200 parum
1104 3091 1452 3200 invigilaverint,
1480 3111 1531 3174 ut
1550 3086 1667 3175 nobis
1690 3083 1815 3175 Plau·

404 3217 503 3278 tum
525 3219 576 3276 cx
604 3199 848 3304 incognito,
874 3200 1092 3307 cognitum
1109 3197 1315 3286 facerent.
1348 3196 1686 3311 Qramobrem,
1712 3222 1814 3282 cum

394 3302 494 3387 haec
523 3305 610 3413 ipse
640 3330 811 3387 mecum
840 3328 1116 3414 reputarem,
1143 3335 1198 3394 ex
1228 3307 1318 3417 ipsa
1345 3309 1571 3492 grovinciae
1600 3308 1712 3389 mole
1731 3328 1818 3385 me·

402 3416 492 3495 rito
520 3412 680 3523 perstiti
710 3411 863 3494 dubius
898 3412 1176 3523 aliquandiu,
1212 3441 1315 3499 num
1375 3438 1425 3493 oc
1462 3437 1567 3493 onus
1596 3409 1705 3495 mihi
1733 3406 1815 3494 esse

401 3521 671 3605 subeundum
700 3518 940 3603 censerem.
977 3519 1015 3603 E
1042 3520 1231 3621 diverso,
1260 3543 1360 3601 cunr
1388 3540 1443 3599 ex
1470 3515 1595 3621 hujus
1617 3515 1816 3603 Audioriv

402 3632 641 3742 cognitione
665 3628 944 3742 perspicerem
963 3629 1168 3713 eximiam
1193 3626 1408 3739 quandam
1432 3624 1580 3713 multia
1597 3647 1815 3715 emanatu-

402 3768 497 3826 ram
516 3740 782 3838 utilitatem,
814 3740 995 3847 putavi,
1018 3736 1158 3823 labori
1177 3740 1353 3822 minime
1373 3761 1574 3846 parcens,
1605 3738 1686 3823 boc
1704 3765 1811 3825 onuv

403 3853 580 3937 minime
598 3849 888 3935 omittendum
899 3867 971 3947 ,ut
988 3843 1018 3930 li
1035 3846 1699 3959 etiam,quaevoluerim,omnia,
1720 3847 1811 3960 ipsc

402 3962 513 4047 mihi
531 3959 726 4072 praestare
744 3987 825 4045 non
845 3959 1082 4072 potuerim,
1098 3956 1317 4068 probabile
1336 3974 1480 4040 tamen
1500 3957 1639 4043 visum
1660 3957 1810 4057 fuerit,

403 4070 627 4158 attentasse
641 4098 712 4157 me
731 4068 1004 4184 priorem',ali
1036 4069 1289 4179 uodcunque
1300 4066 1429 4151 modo
1448 4065 1654 4151 inchoasse
1666 4069 1807 4178 ,quod

403 4183 476 4266 alii
493 4179 662 4267 fortasse
686 4178 924 4294 perficiant.
946 4094 1166 4264 Videbunt
1186 4205 1260 4290 per
1279 4204 1350 4260 nos
1369 4198 1512 4261 tamen
1532 4179 1691 4262 erudiri
1712 4177 1804 4288 plu·

402 4320 450 4377 ra
471 4290 669 4376 mendosa
688 4318 796 4375 verae
822 4289 988 4374 lectioni
1015 4288 1206 4384 reddita,
1230 4291 1273 4371 in
1300 4284 1421 4371 suam
1446 4310 1661 4400 quemque
1681 4286 1807 4371 decu·

402 4407 514 4487 riam
530 4401 882 4487 interlocutorum
907 4400 1173 4500 coercitum,
1206 4400 1280 4509 qui
1309 4400 1458 4508 prius,
1489 4398 1607 4483 nullo
1636 4395 1808 4483 servaro

405 4511 578 4614 ordine,
596 4511 862 4622 vagabatur,
891 4507 940 4591 δι
966 4508 1147 4621 denique
1175 4536 1258 4592 non
1283 4507 1544 4593 mediocrem
1574 4506 1809 4621 praestitam

405 4618 527 4705 suiffe
542 4647 569 4707 a
584 4624 703 4704 nobis
726 4622 1017 4731 diligentiam,
1034 4640 1084 4703 ut
1104 4618 1303 4704 Plautina
1321 4622 1446 4703 lcc'iio
1459 4617 1685 4718 juvaretur
1702 4650 1717 4723 3
1748 4617 1811 4704 sa·

406 4732 467 4813 les
483 4756 676 4842 qnoque,
692 4758 742 4815 ac
754 4729 864 4832 joci,
882 4726 1105 4840 sensusque
1117 4728 1427 4829 jucundissimi,
1446 4728 1686 4845 lepidissimi
1708 4729 1811 4812 Poe·

405 4861 462 4920 ιε
475 4840 795 4925 innotescerent.
826 4838 1054 4953 Quantum
1072 4860 1221 4923 autem
1240 4837 1392 4922 laboris
1410 4839 1454 4922 in
1473 4837 1556 4923 hoc
1569 4838 1810 4952 impensum

404 4946 631 5049 fit,llatim
648 4949 837 5036 insronte
854 4948 1057 5033 testatum
1077 4951 1297 5044 volam-an
1326 4975 1424 5032 nam
1446 4969 1496 5031 ut
1514 4954 1656 5058 quivis
1674 4945 1811 5031 nosce·

403 5084 451 5141 re
469 5057 635 5147 ficiliua
659 5084 788 5176 queat
805 5061 909 5174 quid
927 5057 1177 5145 mendosum
1190 5057 1812 5253 bquidemendatumqearqen·
