4459 6750
851 970 1366 1090 tonsura
1657 1005 1747 1088 ιη

516 1109 747 1218 Tranquilli
766 1107 893 1226 satus
922 1114 1126 1223 cupidum,
1152 1113 1393 1222 placideque
1408 1103 1566 1217 saletis·

515 1224 753 1331 Excipiant,
782 1226 825 1309 o
843 1231 970 1312 amisa
987 1256 1080 1313 mee
1098 1226 1194 1313 dent
1212 1220 1409 1335 commoda
1427 1223 1543 1303 uite.

453 1356 555 1446 Hos
577 1349 635 1449 ad
659 1355 960 1456 Madtucium
977 1357 1269 1455 hexametros
1284 1352 1370 1476 ¹alii
1391 1344 1518 1449 illico
1533 1343 1826 1490 subsequun--

404 1514 481 1582 tur
516 1488 574 1584 ad
600 1490 878 1630 Episcopum
902 1487 1281 1608 Atrebatensem,
1319 1495 1527 1627 quorum
1544 1525 1817 1626 argumen-

400 1653 526 1742 tum,
535 1663 766 1764 qua-ntum
785 1629 871 1772 ipfi
882 1640 1005 1731 Sicco
1009 1626 1100 1763 stus
1114 1632 1207 1732 odio
1217 1627 1451 1764 fascem&
1464 1634 1585 1725 inane
1606 1631 1820 1756 tribuual.

401 1757 682 1904 Justitiaeqne
707 1769 1026 1906 mannfrusira
1054 1780 1137 1910 qui¹
1148 1768 1385 1903 stringitur
1406 1761 1510 1897 ensis
1532 1838 1548 1882 ,
1575 1800 1815 1906 propterea

398 1902 527 2036 quod
554 1905 819 2012 adtonsum
843 1914 1046 2053 gradum
1067 1918 1277 2031 evestus,
1288 1923 1384 2035 ejus
1408 1910 1688 2146 dipnitatem
1713 1949 1817 2048 pro-

396 2044 502 2268 prio
527 2054 811 2181 patrimonio
840 2061 996 2171 tueri,
1031 2090 1183 2192 quum
1210 2046 1423 2191 promiffa
1468 2044 1535 2144 tbi
1560 2084 1659 2146 non
1689 2046 1814 2152 ad'es-

419 2213 499 2278 ent
526 2184 780 2326 stipendia,
809 2230 1072 2332 cogeretur.
1109 2203 1230 2291 Inter
1257 2189 1345 2289 alia
1371 2187 1466 2287 haec
1488 2181 1655 2287 habet:

504 2326 566 2405 Et
595 2335 771 2431 quamuis
796 2331 899 2415 nibil
921 2330 984 2416 bic
1007 2334 1092 2435 jam
1112 2330 1185 2443 sm
1212 2328 1282 2442 nis
1299 2324 1444 2441 sabula
1472 2321 1604 2431 vulgi,

504 2437 665 2521 Multus·
690 2470 815 2526 uerna
843 2443 937 2527 mibi
963 2464 1096 2528 tamen
1122 2440 1174 2552 esi
1192 2438 1424 2554 pascendus,
1453 2434 1495 2520 θ
1519 2432 1627 2517 idem

504 2547 660 2651 Teroe,
681 2576 873 2658 quaterve
896 2579 1039 2664 procax
1069 2554 1313 2638 renovandus
1333 2547 1488 2664 oesiibus
1514 2574 1643 2648 anno,

503 2660 655 2742 Aulaeis
682 2663 864 2749 ornanda
891 2669 1022 2752 domus
1050 2692 1161 2764 mea,
1189 2694 1275 2750 cum
1303 2670 1585 2773 rigmannus,
1705 2759 1707 2766 Ι

498 2769 599 2849 Cum
617 2770 744 2877 calet,
772 2783 952 2863 extremis
980 2781 1157 2885 quamvis
1185 2775 1344 2885 questa
1363 2773 1565 2856 Britannis
1692 2881 1695 2890 Ι

494 2879 689 2978 sordent,
718 2915 810 2970 nam
827 2890 961 2975 melius
981 2899 1110 2997 pariet
1131 2914 1297 2973 ornatur
1315 2885 1465 2970 Hibera

494 2990 607 3075 Pelle
625 2996 954 3100 auenniensem,
973 3025 1093 3110 atque
1111 2999 1215 3198 assat
1231 3028 1317 3084 cum
1338 2999 1475 3113 servet
1501 2996 1543 3077 in
1558 2997 1692 3104 agris,

494 3101 709 3207 Temperat
738 3107 877 3217 aeslioot
898 3113 1007 3217 pellis
1038 3122 1125 3197 vitu
1143 3119 1211 3196 ina
1237 3111 1404 3209 calores,

497 3217 590 3291 Aust
618 3242 715 3299 auro
739 3217 921 3321 pulchre,
951 3243 1025 3303 aut
1045 3222 1158 3334 serto
1178 3221 1338 3331 fignatn
1366 3217 1540 3313 calenti;

496 3323 739 3410 Cenandum
768 3328 878 3412 laute
908 3329 981 3440 esi,
1011 3355 1078 3419 ne,
1098 3332 1135 3433 st
1156 3337 1291 3430 gravit
1322 3327 1510 3430 adveniat
1537 3327 1631 3425 vir,

492 3431 664 3548 Invisum
683 3435 836 3545 cupidi,
864 3435 907 3520 (t
921 3434 1110 3550 sordentis
1139 3461 1273 3549 nornen¹
1299 3437 1434 3516 inurat
1444 3460 1463 3530 ;

488 3541 603 3627 Nam
621 3552 798 3655 quamuis
815 3544 958 3631 multus
975 3544 1134 3656 superet
1159 3550 1396 3659 patrimonia
1412 3542 1615 3652 sumptus,

490 3655 615 3761 Inque
642 3659 910 3774 deterescat,
940 3656 1048 3766 quod
1073 3685 1131 3742 me
1152 3681 1328 3766 gravat,
1358 3683 1406 3737 aet
1432 3653 1631 3760 alienum,

494 3776 692 3857 Attamen
712 3770 787 3880 (es
806 3793 852 3854 ut
871 3794 984 3875 opus,
1003 3789 1122 3874 utque
1139 3767 1189 3880 es
1208 3798 1264 3853 res
1282 3765 1473 3865 credula)
1492 3768 1610 3877 vrslgo

488 3878 642 3961 Credon
670 3878 813 3960 habere
844 3882 971 3984 ingens
1002 3882 1156 3984 argenti
1178 3879 1323 3982 pondus
1344 3933 1355 3972 ,
1374 3878 1417 3961 (t
1435 3886 1552 3977 auri;

492 3987 615 4073 Unde
643 4013 711 4074 nec
727 3984 928 4098 hospitibus
946 3986 1075 4071 dorm
1097 3983 1145 4102 esi
1165 3983 1386 4072 claudenda
1402 3988 1596 4094 superbis,

490 4101 679 4208 Undique
698 4098 932 4217 quossallau
953 4103 1102 4188 invitat
1120 4104 1263 4207 opinio,
1293 4096 1384 4205 que
1398 4122 1457 4180 me

489 4221 573 4296 Per
592 4213 736 4299 bibulas
752 4212 970 4325 populorum
993 4236 1130 4312 aures,
1158 4235 1225 4322 per
1243 4214 1408 4319 compita
1430 4206 1569 4315 ubique

484 4325 548 4408 Ut
566 4323 657 4413 bene
667 4326 825 4440 felicem
842 4325 1019 4414 mendaci
1043 4324 1234 4432 predicat
1253 4351 1334 4422 ors;

485 4440 752 4549 Stragulnqur
779 4458 969 4522 exornant
1000 4435 1216 4531 thalamos,
1241 4434 1411 4542 piliipue
1441 4453 1616 4544 tapetes,

485 4555 555 4632 Ne
574 4578 664 4635 mea
675 4552 873 4657 pauperies
890 4554 931 4629 in
949 4545 1071 4633 lucem
1095 4545 1286 4656 prodeat,
1315 4546 1359 4633 6·
1378 4572 1427 4629 nr

486 4657 700 4770 Hospitibus
727 4689 791 4744 not
820 4653 969 4774 accuset
998 4654 1147 4776 cariosa
1165 4657 1350 4768 supellex.

426 4777 522 4860 Nec
540 4776 660 4856 minor
678 4769 766 4856 hinc
785 4776 927 4877 inopem
934 4770 1077 4887 sabuli
1080 4771 1189 4909 subit
1208 4771 1480 4872 alterarum,

483 4888 547 4966 Ut
567 4879 674 4992 sorno
699 4882 911 5001 pascantur
938 4890 1048 4989 equi,
1077 4890 1155 4972 nec'
1170 4881 1266 4993 defit
1294 4913 1449 4984 avena,

487 4999 550 5081 Et
569 4991 713 5103 strigile
740 5001 919 5082 eniteant
944 4993 1073 5080 multe
1101 5001 1142 5078 in
1167 4995 1386 5106 praesepibus
1413 4994 1526 5082 altis.

484 5110 631 5191 Acrius
652 5101 731 5189 bec
750 5109 925 5224 miserum
935 5129 1112 5218 pungunt
1130 5108 1173 5191 di
1184 5107 1329 5214 pendia
1347 5163 1363 5209 ‚
1391 5109 1499 5216 quod
1512 5138 1588 5196 nun

483 5218 706 5335 solvuntur
718 5216 1004 5335 promisemibi
1018 5218 1139 5339 sipen
1167 5223 1240 5328 ia,
1264 5247 1350 5331 que
1366 5241 1414 5311 ru

1637 5343 1727 5427 Mu,
