4459 6750
477 947 567 1011 120
721 905 866 1006 *M
940 904 1421 1011 ANNAEUS

400 1073 492 1136 tum
511 1042 592 1131 effe
611 1040 767 1129 debere
786 1104 797 1127 .
827 1039 949 1153 Nam
969 1045 1079 1127 inter
1098 1062 1248 1127 caetera
1276 1039 1324 1123 dc
1343 1033 1551 1149 corporis,
1572 1028 1621 1118 dc
1639 1026 1829 1117 fort'unae

386 1161 511 1244 -bona
523 1217 537 1259 ,
564 1183 660 1268 quae
679 1150 883 1255 illustria,
912 1153 960 1237 &
980 1152 1233 1266 amplissima
1250 1150 1381 1236 habes
1399 1206 1414 1248 ,
1442 1173 1575 1232 unum
1595 1142 1715 1229 illud
1743 1141 1827 1243 est,

401 1270 522 1382 quod
551 1294 621 1351 me
642 1263 721 1351 tibi
742 1264 978 1350 incredibili
998 1266 1185 1376 quodam
1202 1286 1346 1348 amore
1365 1256 1603 1367 conjungit,
1632 1253 1762 1366 quod
1778 1279 1824 1337 ea

401 1403 447 1464 te
476 1379 607 1464 animi
634 1376 882 1460 excellentia
911 1375 989 1458 effe
1013 1374 1239 1483 cognosco,
1257 1370 1316 1457 ἃ
1336 1368 1658 1481 magnitudine,
1686 1383 1744 1449 ut
1771 1365 1825 1447 ni·

408 1489 471 1573 hil
491 1487 578 1572 fere
600 1514 808 1599 unquam,
836 1482 908 1567 nifi
930 1486 984 1568 de
1003 1487 1164 1568 virtute
1182 1541 1196 1583 ‚
1211 1502 1287 1567 aut
1306 1478 1515 1590 loquaris,
1542 1497 1621 1563 aut
1642 1476 1819 1587 cogites:

407 1600 535 1708 idque
566 1599 643 1681 tibi
675 1596 882 1680 statutum
913 1593 992 1694 fit,
1021 1597 1228 1677 virtutem
1255 1618 1373 1676 more
1403 1587 1547 1675 Stoico
1573 1586 1727 1673 solum
1756 1585 1821 1671 bo

405 1737 508 1790 num
527 1708 754 1791 dicendum
772 1703 852 1789 effe
875 1764 888 1806 ,
916 1731 972 1788 ex
1002 1729 1087 1814 quo
1108 1701 1184 1800 fit,
1213 1724 1262 1787 ut
1291 1703 1365 1813 qui
1395 1723 1439 1785 te
1458 1701 1663 1799 noverit,
1727 1694 1821 1781 luri·

404 1845 526 1901 mum
557 1838 600 1901 te
619 1817 794 1925 diligat,
817 1815 1052 1926 plurimum
1073 1831 1119 1897 te
1136 1812 1361 1898 observet.
1391 1807 1474 1893 Sed
1493 1806 1582 1893 hacc
1601 1806 1664 1894 ha
1736 1833 1819 1891 nur.

405 1927 520 2010 Illud
539 1952 563 2008 a
583 1949 627 2008 te
646 1927 878 2011 dumtaxat
897 1946 1113 2036 petemus,
1143 1945 1192 2007 ut
1211 1920 1504 2007 Britannicum
1525 1919 1593 2004 tui
1611 1915 1819 2005 stndiofis·

403 2032 556 2120 fimum
581 2033 753 2145 diligas,
782 2060 921 2135 ames,
939 2032 987 2119 &
1007 2031 1329 2144 complediaris.
1369 2028 1500 2116 Vale.

472 2171 591 2298 Qae
614 2163 672 2261 de
691 2172 897 2266 Vitruvii
921 2163 1159 2280 Editione,
1177 2167 1462 2295 Hieronymi
1484 2159 1723 2259 Advocati
1748 2165 1816 2256 in-

370 2384 373 2390 .
394 2299 574 2425 dustria
597 2374 612 2416 ,
639 2300 819 2418 studio,
847 2316 893 2398 dc
917 2298 1072 2400 labore
1095 2337 1250 2402 curata
1275 2298 1474 2400 affirmat
1497 2304 1817 2413 Britannicus,

403 2442 565 2535 LeCror
591 2439 956 2558 animadvertat,
985 2436 1161 2558 velim,
1188 2474 1303 2539 nam
1325 2440 1623 2537 Britannici..
1646 2432 1740 2536 hoc
1760 2470 1819 2533 tc·

402 2575 679 2674 stimonium
701 2613 919 2712 apparens
942 2585 992 2675 in
1008 2585 1182 2676 Lucani
1200 2577 1443 2691 Editione,
1464 2572 1524 2672 de
1546 2609 1643 2711 qua
1668 2573 1686 2673 l
1752 2581 1820 2671 ui-

398 2744 537 2828 mur,
563 2709 806 2810 manifeste
831 2709 1103 2850 comprobat
1126 2710 1240 2812 falso
1264 2710 1390 2813 afferi
1412 2786 1427 2830 ,
1448 2744 1502 2808 ut
1517 2710 1643 2849 apud
1666 2614 1821 2813 fiiri-

404 2855 560 2962 cium,
596 2864 640 2945 δι
667 2845 813 2965 alioS,
841 2884 938 2948 tam
974 2859 1178 2987 primam
1204 2856 1411 2955 Vitruvii
1430 2848 1699 2952 Editionem
1718 2852 1823 2955 Flo-

406 2989 562 3084 rentiae
597 3020 669 3081 an.
699 3008 840 3098 1496.
876 2986 1042 3086 deinde
1075 2987 1265 3088 alteram
1283 2995 1491 3094 Veneriis
1513 3024 1636 3087 anno
1670 3027 1824 3110 1497.

403 3130 771 3355 quamgrimam
786 3125 1133 3262 castigationem
1147 3165 1309 3266 ,opera
1333 3126 1495 3227 scilicet
1502 3128 1701 3247 Jocundr·
1724 3143 1827 3233 Ve-

399 3294 547 3359 ronen
568 3293 621 3379 rs,
640 3258 850 3397 prodiiiie
876 3272 1083 3366 Venetiis
1104 3303 1229 3365 anno
1252 3309 1268 3362 1
1284 3307 1394 3389 511.

470 3397 609 3496 Adest
634 3407 683 3499 in
704 3401 866 3501 eadem
891 3410 1103 3508 Brixiana
1131 3404 1347 3507 Editione
1369 3413 1676 3547 Epigramma
1702 3416 1825 3514 Lan-

404 3526 590 3645 franci,
626 3569 721 3665 quo
745 3537 1011 3670 impensum
1037 3580 1064 3636 a
1088 3537 1290 3640 Taberio
1318 3553 1368 3642 in
1390 3545 1684 3685 corrigendis
1701 3559 1824 3653 Om-

406 3661 572 3764 niboni
593 3676 954 3771 Commentariis
979 3676 1185 3777 studium
1214 3689 1276 3780 ita
1297 3687 1686 3789 commendatur.

858 3827 1039 3910 Lucanus
1061 3833 1113 3915 ad
1132 3830 1350 3929 Leiiorem.

513 3956 608 4036 Non
635 3952 743 4037 rudis
769 3985 954 4063 occurro,
971 3963 1049 4076 sed
1072 3967 1166 4052 lima
1194 3972 1315 4082 tersus
1343 3977 1407 4059 ad
1428 3976 1619 4092 unguem}

566 4064 713 4147 Nudur
739 4075 807 4172 qui
824 4070 987 4183 fueram
1005 4075 1219 4189 sordidus,
1247 4104 1367 4190 atque
1395 4088 1522 4177 lacer.

513 4175 745 4309 Egredior;
771 4178 904 4291 lingua
921 4185 1125 4290 Juvener,
1155 4195 1363 4300 animisque
1387 4200 1558 4311 favet&

566 4284 719 4366 Lrvrdae
746 4292 863 4374 turba
892 4316 1015 4397 race;
1043 4301 1141 4405 quid
1163 4306 1318 4422 nocuiffi·
1339 4311 1504 4409 juvar?

508 4394 760 4501 Pantagarhi
774 4400 956 4511 (fateor)
983 4436 1230 4500 monumenta
1255 4420 1440 4522 prioribus
1469 4427 1611 4532 annis,

566 4506 648 4633 Sed
670 4533 779 4614 magr
796 4514 955 4597 Tabe-rii
981 4548 1076 4602 cura
1097 4521 1271 4631 secunda
1294 4529 1449 4634 placet.

513 4612 726 4698 Outrrrarn
755 4620 852 4703 tales
876 4622 1083 4731 producas,
1112 4638 1273 4736 Brixia,
1294 4638 1443 4748 fartus,

563 4723 680 4807 Unde
707 4726 846 4813 babeas
873 4763 1032 4840 nomen,
1056 4764 1357 4854 perpetuumque
1383 4751 1528 4839 decus!

471 4864 630 4957 Praeter
642 4867 906 4966 Brixianam
926 4883 1391 4991 Commentariorum
1416 4895 1698 5009 Omniboni
1712 4915 1812 5016 Edi-

395 4995 611 5115 tiorrem',
644 4998 703 5100 ad
732 5038 899 5105 manus
931 5009 1078 5113 habeo
1108 5028 1431 5132 Venetam‘an.
1451 5076 1478 5139 ,1
1493 5075 1548 5158 51
1569 5082 1607 5141 1.
1637 5055 1694 5148 in
1725 5091 1809 5192 qua

1673 5187 1751 5290 iis-
