4459 6750
513 974 605 1058 322
889 928 994 1037 ΡΟ
1028 931 1079 1037 E
1113 924 1170 1037 T
1194 930 1227 1033 I
1255 931 1295 1031 C
1321 924 1389 1037 A.

502 1084 660 1220 Atque
684 1072 761 1177 hic
793 1068 995 1215 praesenti
1020 1079 1282 1176 trastationi
1311 1069 1369 1171 de
1400 1105 1446 1166 re
1479 1069 1653 1166 Poetica
1688 1060 1838 1166 finem

430 1225 659 1362 impono,
694 1211 867 1355 vosque
889 1222 1102 1315 Lectores
1124 1209 1308 1313 obsecro
1320 1286 1338 1331 ,
1369 1242 1419 1310 ne
1446 1240 1514 1309 me
1533 1213 1553 1336 (
1570 1240 1624 1307 ut
1643 1202 1836 1348 Gyraldi

429 1356 694 1497 Dialogum
720 1363 924 1494 priorem
954 1354 1013 1452 de
1036 1363 1161 1452 Poet.
1184 1354 1326 1451 nostr.
1348 1382 1491 1485 temp.
1516 1345 1841 1450 concludentis

431 1494 583 1603 verbis
605 1502 734 1624 utar)
747 1491 1025 1625 ambitiosum
1041 1491 1364 1631 putetis,quod
1384 1495 1513 1590 nimis
1539 1490 1704 1590 multos
1722 1486 1840 1591 colle·

421 1647 589 1773 gerimr
625 1669 738 1737 nam
758 1668 933 1752 contra,
949 1629 1103 1773 plures
1128 1629 1334 1771 profecto
1355 1624 1719 1767 collegilsem,sr
1747 1632 1841 1732 diu·

429 1785 688 1880 turniorem
712 1782 764 1875 in
790 1783 848 1874 iis
870 1774 1192 1916 perquirendis
1212 1807 1401 1913 operam
1423 1807 1592 1909 ponere
1616 1765 1836 1889 libuisset,

426 1953 735 2059 praeterquam
769 1916 901 2057 quod
934 1910 1193 2016 nonnullos
1225 1949 1433 2053 quoque,
1467 1917 1554 2050 qui
1583 1947 1744 2013 tamen
1782 1913 1834 2013 al

427 2065 646 2158 notitiam
670 2086 826 2157 meam
851 2090 1182 2196 pervenerant,
1211 2051 1343 2153 ultro
1366 2049 1661 2192 praetermisr.

510 2200 577 2296 *At
606 2193 747 2296 nulla
786 2205 963 2296 ratione
1001 2234 1083 2336 pro
1123 2195 1346 2295 coronide
1371 2191 1648 2298 Voluminis
1693 2197 1828 2292 omit-

424 2335 624 2455 tendus,
659 2343 890 2437 eximium
926 2343 1149 2437 Brixianae
1184 2336 1457 2437 Literaturae'
1480 2335 1619 2435 decus
1659 2410 1675 2454 ,
1713 2343 1831 2435 Pater

426 2483 654 2578 Odiavius
669 2473 1013 2618 Pantagathus,
1032 2488 1166 2601 cujus
1196 2473 1629 2579 mentionem'facit
1666 2510 1830 2613 magna

410 2626 537 2716 “cum
564 2611 703 2716 laude
731 2614 995 2758 GytalduS,
1031 2614 1103 2719 vel
1126 2658 1181 2719 eo
1202 2614 1299 2758 ipso
1325 2614 1430 2718 loco
1444 2691 1459 2734 ,
1481 2653 1580 2756 quo
1601 2623 1828 2716 Brixianos

423 2753 766 2887 rocas-taxare
800 2771 897 2885 iam
921 2760 1128 2861 vidimus
1152 2798 1166 2870 ;
1202 2795 1318 2858 nam
1345 2754 1442 2857 haec
1466 2769 1563 2881 ejus
1597 2751 1710 2858 sunt
1737 2793 1820 2858 ver·

420 2887 509 2990 bar
546 2898 708 3000 Brixia
739 2900 902 3001 multas
936 2898 1067 3000 babet
1082 2899 1334 3014 Erudiras,
1356 2897 1445 3031 sed
1464 2935 1545 2998 nan
1567 2901 1629 3004 Θ
1642 2894 1823 3016 Patras,

419 3057 472 3132 ut
496 3028 589 3166 ejus
601 3031 707 3166 filia
731 3035 925 3151 Verona
962 3038 1086 3136 Inter
1103 3037 1319 3137 Erudiras
1343 3038 1515 3174 quidem
1537 3073 1723 3171 magnus
1746 3040 1824 3139 ubi·

417 3201 500 3305 que
523 3163 663 3269 Pater
695 3171 943 3289 Oiiaviui,
980 3167 1065 3302 nist
1091 3174 1217 3310 quod
1226 3171 1343 3308 stylo
1377 3174 1591 3307 abstinet,
1627 3215 1705 3280 nec
1724 3179 1823 3316 strar

415 3332 514 3443 opes
541 3307 716 3446 publica
751 3309 931 3412 taberna
958 3312 1198 3431 venditat.
1241 3311 1561 3451 Verstficarores
1593 3327 1730 3421 etiam
1751 3347 1823 3459 pa

413 3452 531 3565 tius,
566 3484 700 3584 quam
728 3446 889 3553 Portas
914 3449 1053 3583 fhver
1079 3450 1170 3587 ipſsa
1193 3456 1382 3557 Brixia.
1419 3461 1571 3557 Anca
1599 3493 1717 3559 nota
1739 3462 1822 3561 Bri·

412 3590 540 3684 niani
568 3595 713 3685 Poetae
750 3584 840 3710 sint
868 3590 1046 3727 digni,
1084 3600 1206 3728 aequi
1242 3599 1495 3716 Lediores,
1533 3632 1588 3698 ut
1606 3594 1818 3740 ‘superius
1863 3685 1866 3700 .

411 3729 556 3820 etiam
583 3725 822 3843 diximus,
853 3728 1138 3849 dijudicent.
1175 3737 1294 3832 Laus
1319 3770 1441 3837 certe
1461 3810 1478 3856 ,
1502 3774 1663 3877 quam·
1680 3767 1815 3843 mere·

410 3889 490 3956 tur
523 3860 837 3997 Pantagathus
871 3863 1066 3986 noster,
1111 3903 1170 3971 er
1203 3874 1435 4011 postrema
1472 3872 1616 4003 hujus
1654 3885 1703 3980 O
1760 3888 1814 3983 rit

408 4001 577 4118 Parte,
621 4008 700 4097 cui
736 4012 866 4103 Sacra
901 4000 1278 4130 reservavimus,
1315 4011 1501 4119 abunde
1533 4024 1676 4124 innoc
1718 4021 1811 4123 cer.
1863 4097 1866 4112 .

405 4142 513 4237 Ι-ΙοεΙ
539 4133 644 4239 loco
670 4134 828 4242 solum·
846 4141 1201 4280 adnotabimus,
1226 4152 1434 4257 eundem
1460 4164 1523 4257 ita
1535 4161 1806 4281 eruditum,
1863 4183 1866 4218 ¹

405 4281 468 4376 ita
496 4275 640 4380 literis
667 4276 891 4384 omnibus
912 4284 1154 4391 excultum
1189 4287 1352 4412 fuille,
1390 4329 1445 4396 ut
1472 4299 1666 4403 Poeticae
1699 4337 1806 4443 quo-

403 4424 587 4557 querci
611 4417 920 4562 intelligentia
951 4426 1217 4532 admodum
1243 4433 1543 4540 excelleret
1672 4479 1732 4498 ·
1757 4487 1786 4498 ··

316 4557 326 4564 ’
472 4569 641 4695 Quum
656 4571 935 4704 perennem,
954 4564 1347 4713 uberrimumque
1362 4580 1799 4719 optimarumscien·

400 4701 574 4798 riarum
590 4699 771 4808 fontem
784 4707 1080 4812 PManutius¹
1097 4712 1435 4851 inEpistola'ad
1447 4717 1637 4838 lulium
1650 4734 1795 4866 Pogia·

399 4874 521 4939 num
544 4841 782 4981 Epistolar.
808 4843 838 4946 l.
859 4888 903 4972 5.
924 4849 1124 4993 appellet
1146 4862 1407 4962 Ostavium
1430 4863 1787 5007 Panmgathum,

397 5016 450 5075 ac
488 4976 573 5119 ipsr
600 4979 896 5134 gratuletur,
920 4991 1051 5134 quod
1084 5004 1250 5100 Romae
1282 5036 1380 5102 nou
1409 5012 1572 5106 minus
1601 5013 1783 5110 err-tanti

399 5122 504 5222 Viri
524 5125 889 5257 conluetudi'ne,
905 5166 1056 5274 quam
1088 5161 1144 5245 'ex
1170 5130 1386 5246 locorum
1421 5145 1713 5271 admonitu,
1738 5145 1779 5248 ad

1610 5283 1728 5393 ‘lite‘-
