4459 6750
853 903 1372 1011 tauteus
1686 927 1744 1030 85

411 1040 594 1126 Coelium
618 1037 879 1150 Rodiginum
902 1101 916 1142 ,
944 1048 1015 1153 qui
1048 1043 1240 1153 singulari
1260 1042 1496 1125 eruditione
1526 1059 1620 1124 tum
1641 1041 1812 1142 Graeca,

408 1177 500 1234 tum
526 1152 673 1234 Latina
692 1153 982 1251 ornatiffimus,
1007 1153 1165 1238 librum
1196 1180 1274 1236 non
1296 1156 1432 1235 minus
1452 1149 1649 1248 doctum,
1677 1182 1807 1264 quam

407 1265 560 1344 utilem
581 1260 829 1345 Ledlionum
848 1266 1121 1372 antiquarum
1141 1291 1249 1347 nunc
1278 1289 1410 1373 nuper
1431 1262 1591 1344 edidit.
1627 1259 1809 1347 Praeteri·

409 1371 466 1453 bo
495 1370 542 1453 dc
574 1371 805 1481 Baptillum
833 1373 1172 1461 Carmelitanum
1192 1375 1345 1458 Civem
1371 1372 1686 1470 Mantuanum,
1717 1375 1810 1457 sanc

409 1481 533 1563 noslri
557 1489 756 1591 temporis
776 1481 1008 1582 classicum,
1038 1485 1302 1590 &insignem
1328 1484 1529 1578 Poetam,
1561 1504 1677 1564 tanta
1696 1488 1807 1566 enim

406 1594 599 1672 carminis
626 1599 835 1701 gravitate
861 1592 1005 1676 laudes
1025 1594 1207 1704 Virginis
1239 1593 1416 1690 Mariae,
1446 1618 1613 1674 carmen
1648 1592 1811 1702 Bucoliff

408 1728 529 1798 curn,
558 1703 723 1812 aliaque
745 1703 947 1785 Poemata
966 1707 1150 1803 cecinit,
1179 1703 1379 1814 nobisque
1399 1704 1578 1786 moriens
1606 1703 1811 1810 reliquit,

408 1833 456 1892 ut
474 1839 572 1894 eum
597 1817 748 1894 merito
772 1813 935 1909 Patria,
952 1818 1145 1897 omnium
1161 1814 1320 1914 judicio
1349 1812 1595 1911 dodiorum,
1623 1812 1827 1896 alterum*

408 1920 635 2031 Virgilium
657 1923 869 2032 appellare
891 1925 1008 2034 pollrt
1027 1954 1045 2023 ;
1075 1919 1179 2007 felix
1200 1929 1401 2007 nimirum
1419 1951 1460 2014 cs
1481 1922 1686 2021 Mantua,
1714 1949 1809 2033 quae

403 2032 543 2126 tales,
572 2054 745 2141 tamque
771 2033 932 2116 divinos
959 2033 1086 2117 soleas
1113 2033 1239 2117 foetus
1270 2036 1459 2143 gignere.
1502 2030 1733 2114 Praeteribo
1761 2031 1809 2114 δι

406 2140 634 2223 Erasmum
662 2139 1003 2225 Roterodamum
1033 2206 1044 2240 ,
1089 2146 1238 2226 Virum
1269 2143 1362 2226 sane
1392 2144 1558 2227 summa
1591 2143 1715 2226 laude
1745 2142 1805 2223 di·

405 2277 559 2360 gnum,
588 2253 660 2358 qui
678 2278 781 2357 opus
804 2252 1065 2362 Adagiorum
1084 2256 1268 2362 elegans,
1298 2253 1580 2359 &eruditum
1604 2250 1803 2358 nuper&

404 2367 492 2467 ipse
512 2361 646 2442 edidit
664 2364 780 2444 mirae
798 2364 996 2446 utilitatis
1014 2366 1185 2471 plenum
1200 2364 1335 2472 ,quod
1356 2389 1409 2445 ex
1430 2363 1622 2471 plurimrs
1648 2359 1828 2442 Aucto--

404 2471 518 2552 ribus
547 2495 638 2552 tam
658 2471 835 2566 Graecis,
862 2497 992 2578 quam
1012 2473 1173 2557 Latinis
1196 2471 1475 2555 studiosissime
1495 2473 1663 2576 collegit
1686 2528 1696 2550 .
1723 2469 1807 2551 Sic·

404 2603 487 2685 que
508 2583 685 2677 horum,
714 2583 1032 2691 multorumque
1050 2584 1255 2681 aliorum,
1285 2607 1389 2683 quos
1419 2582 1589 2688 longum
1620 2577 1717 2660 elles
1748 2607 1807 2660 re·

404 2690 589 2788 censere,
620 2691 817 2772 industria
839 2691 1058 2774 literarum
1082 2694 1213 2776 studia
1237 2693 1459 2799 respirare,
1479 2688 1810 2798 reviviscereque

403 2822 639 2909 coeperunt.
672 2799 1080 2910 Qrorumomnium
1101 2808 1308 2884 virtutem
1329 2829 1405 2910 ego
1424 2801 1682 2895 admiratus,
1703 2799 1809 2896 ejus:

401 2936 484 3019 que
514 2909 679 3018 prorsus
707 2909 1021 3017 pulchritudine
1045 2912 1259 3010 accensus,
1291 2911 1412 2994 statui
1443 2909 1488 2994 ὅ(
1517 2936 1608 3018 ego,
1638 2908 1810 3017 quando

401 3023 565 3103 virture
584 3019 670 3129 ipsa
701 3019 993 3104 nihilomnino
1022 3021 1071 3103 srt
1091 3022 1385 3131 praestabilius,
1416 3049 1489 3103 nec
1509 3046 1593 3131 quo
1623 3019 1805 3102 hominis

402 3132 491 3213 vita
521 3134 563 3212 in
582 3127 647 3211 lris
664 3133 761 3210 vitre
781 3129 961 3212 tenebris
977 3134 1109 3239 magis
1136 3132 1361 3214 clarescere
1388 3153 1541 3238 queat,
1563 3129 1719 3227 statui,
1748 3132 1812 3210 inf

402 3267 558 3348 quam,
587 3267 668 3345 qua
689 3240 877 3319 maxime
907 3237 1062 3343 possem
1081 3240 1331 3349 diligentia,
1361 3267 1508 3322 eorum
1538 3237 1718 3344 vestigiis
1749 3238 1807 3316 in·

405 3349 572 3443 sistens,
602 3367 699 3427 tum
726 3345 778 3430 ad
798 3371 1069 3429 communem
1095 3351 1288 3430 omnium
1313 3347 1570 3442 utilitatem,
1603 3342 1729 3429 &rei
1763 3345 1808 3426 li·

404 3457 834 3563 terariaedignitarem
864 3456 1183 3560 ampliandam,
1214 3480 1339 3552 tum,
1370 3484 1419 3536 ne
1449 3483 1565 3536 more
1595 3454 1807 3562 pecudum
1894 3478 1897 3485 ·

408 3573 541 3648 vitam
562 3564 722 3646 blentio
743 3562 979 3672 praereriisle
999 3565 1196 3662 viderer,
1214 3563 1376 3673 aliquid
1398 3564 1603 3646 scribere.
1637 3565 1804 3675 ltaque,

405 3704 541 3785 quum
560 3674 649 3773 jam
674 3678 843 3781 triginta
865 3672 1023 3765 tribus,
1052 3700 1197 3756 anteo
1218 3674 1332 3783 plus,
1361 3678 1504 3770 annis,
1537 3674 1811 3757 Commenta·

405 3791 467 3867 ria
488 3789 529 3866 in
544 3782 727 3867 Persium
751 3784 886 3864 multa
908 3781 1201 3869 lucubratione
1221 3787 1455 3891 conscripta
1476 3786 1613 3866 vobis,
1629 3783 1811 3894 Amplis-

406 3895 499 3978 fimi
521 3893 687 3989 Patres,
719 3890 982 3991 dicavillem,
1001 3921 1093 4001 quae
1116 3924 1177 3976 res
1197 3898 1302 3978 adeo
1320 3897 1437 3975 vobis
1467 3918 1583 4001 grata
1616 3892 1698 3975 fuit
1719 3935 1738 3989 ,ι
1761 3917 1814 3975 ut

402 4003 699 4089 munificentiae
718 4003 861 4084 vestrae
879 4028 949 4084 me
967 4005 1201 4088 immunem
1220 4003 1338 4086 abire
1357 4004 1450 4111 palli
1471 4032 1548 4083 non
1570 4001 1809 4099 fueritin&

405 4115 554 4225 pufillo
572 4137 771 4224 tempore·
785 4114 873 4223 post
894 4116 934 4194 in
950 4111 1190 4219 Achilleida
1204 4114 1324 4195 Statii
1340 4113 1408 4207 ,dt
1421 4111 1665 4212 Iuvenalem
1681 4112 1805 4193 Com-
1822 4123 1827 4134 '

403 4228 608 4311 mentaria
629 4223 865 4319 edidissem,
885 4248 978 4331 quae
1007 4226 1156 4305 itidem
1176 4222 1294 4305 vobis
1314 4222 1479 4305 inscribi
1500 4222 1681 4332 placuit3
1700 4249 1812 4304 nunc

403 4338 579 4420 demum
597 4365 702 4420 nova
725 4339 805 4417 alia
827 4338 867 4413 in
887 4334 1030 4439 Opera
1049 4332 1244 4428 Horatii,
1279 4332 1497 4415 poeticam
1515 4332 1695 4428 scilicet,
1716 4331 1807 4415 Ser·

401 4475 566 4544 mones,
597 4447 643 4528 ὅ(
669 4444 869 4554 Epistulas
887 4442 1200 4549 conscripsimus
1220 4504 1231 4541 ,
1252 4470 1345 4552 quac
1364 4443 1482 4525 vobis
1502 4448 1632 4531 item,
1657 4452 1711 4525 'ut
1732 4442 1804 4524 bo·

401 4585 553 4640 narum
574 4559 751 4639 Arrium
771 4551 987 4650 studiosis,
1016 4552 1061 4635 ὅ(
1090 4554 1352 4660 amatoribus
1369 4556 1617 4637 dicavimus
1638 4616 1647 4639 ,
1676 4552 1823 4635 conii·'

401 4668 549 4750 denter
572 4667 878 4759 existimantes,
907 4690 955 4744 eu
972 4664 1095 4747 'vobis
1112 4694 1191 4745 non
1211 4667 1347 4747 minus
1367 4684 1511 4772 grata,
1533 4687 1661 4773 atque
1681 4664 1804 4747 utilia

402 4775 659 4888 fore,quam
677 4777 888 4887 superiora
906 4769 1022 4855 fuere
1045 4840 1052 4854 .
1085 4777 1220 4883 quue
1243 4775 1384 4883 ipsum
1415 4772 1623 4869 fecimus,
1655 4799 1702 4857 ut
1733 4802 1800 4856 no·

402 4887 533 4967 stram
548 4888 638 4985 jam
655 4910 845 4970 veterem
862 4887 901 4965 in
922 4908 995 4963 vos
1019 4884 1380 4984 benevolentiam,
1400 4886 1498 4967 licet
1521 4886 1638 4969 vobis
1658 4884 1803 4965 multis

399 5020 500 5079 ante
520 4999 655 5079 modis
674 4996 956 5104 perspersum,
985 4995 1264 5105 &cognitam
1295 4994 1643 5078 testificaremur.
1676 4996 1714 5074 Si
1737 4992 1807 5073 cui·

399 5131 549 5191 autem
567 5108 708 5220 aliqua
730 5107 839 5190 fonte
856 5100 1114 5188 uidebuntur
1134 5129 1452 5207 aime,aut<non
1470 5105 1696 5297 secundurp
1724 5102 1814 5183 len}

613 5275 617 5285 .
1675 5244 1758 5297 um
