4459 6750
469 927 538 1007 44
732 885 1453 1009 ‚GRAMMArrca

417 1062 420 1067 ·
472 1027 551 1127 Ad
573 1057 785 1167 pugnam
815 1065 925 1126 cum
951 1039 1196 1132 Laurentio
1233 1035 1471 1131 revertitur·
1507 1058 1597 1159 capr
1631 1064 1672 1142 7.
1713 1063 1811 1124 nec

400 1167 585 1266 hostem
619 1175 747 1303 prins
783 1162 978 1289 deserit,
1015 1206 1159 1306 quarn
1191 1166 1365 1267 librum
1398 1160 1535 1277 illum
1576 1159 1823 1265 absolvat.

400 1314 471 1404 Eo
493 1314 593 1444 cap.
611 1342 651 1423 7.
685 1301 956 1456 probaturus
982 1305 1085 1404 aliis
1109 1317 1248 1407 etiarn
1280 1301 1429 1404 verbis
1454 1307 1625 1435 Supina
1649 1312 1699 1397 in
1721 1339 1814 1419 um,

399 1480 546 1678 puam
560 1443 623 1542 ad
644 1438 802 1542 locum
826 1440 1558 1578 significantibusnonnunquam
1580 1442 1811 1558 accedere,

419 1577 485 1681 rbi
510 1618 608 1685 rem
632 1578 714 1678 effe
735 1616 843 1680 curn
870 1589 1115 1680 Laurentio
1136 1580 1209 1697 lais¹
1231 1576 1379 1677 verbis
1408 1575 1637 1678 declarat:

860 1798 864 1805 ,
938 1723 1001 1800 Ex
1027 1718 1092 1802 lib.
1117 1721 1153 1799 8.
1182 1745 1214 1799 c.
1237 1746 1271 1819 7.

451 1822 1078 1947 QroniamveroGrammatici
1100 1828 1519 1939 nunquamfincerius
1542 1832 1810 1940 praecipiunt,

423 1969 631 2026 uamcum
653 1941 707 2025 ad
726 1940 919 2026 amulsrm
929 1939 1217 2041 auctoritatis,
1231 1941 1411 2052 ususque
1432 1942 1571 2025 omnia
1591 1943 1631 2023 in
1655 1945 1807 2051 primia

390 1971 604 2160 lingunt,
625 2054 912 2162 exiguntque:
945 2052 1039 2136 sane
1062 2052 1383 2161 intelligendum
1406 2053 1552 2163 supina
1571 2054 1612 2134 in
1633 2080 1694 2132 aar
1715 2079 1813 2133 con·

389 2183 457 2245 tra
490 2161 707 2245 Laurentii
740 2162 1105 2273 pertinaciliimam
1137 2166 1403 2273 opinionem,
1433 2166 1500 2247 vel
1530 2162 1629 2246 aliis·
1652 2165 1810 2265 ver-bis,

425 2298 522 2356 uam
552 2271 607 2355 ad
627 2271 1151 2381 locumfignificantibun,
1182 2274 1233 2355 de
1253 2274 1510 2360 aucloritate
1539 2273 1810 2359 summorum

389 2298 658 2491 §criptornm
680 2381 900 2484 conjuncta
923 2409 1220 2493 nonnunquam
1240 2386 1437 2471 inveniti.

461 2550 631 2678 Supina
652 2551 703 2643 in
729 2580 801 2643 um
824 2583 901 2680 per
924 2585 1067 2688 quam
1092 2589 1193 2649 raro
1221 2546 1438 2686 pnffr'vam
1468 2549 1634 2651 habere
1658 2549 1801 2690 figni-

392 2675 657 2777 ficationem
681 2690 851 2781 evincit
869 2724 962 2825 cap.
981 2705 1020 2785 8.
1058 2698 1129 2785 De
1152 2697 1300 2788 anna
1326 2726 1481 2789 autern
1506 2687 1611 2790 scira
1641 2694 1804 2790 admo,

393 2813 544 2930 dnm,
573 2832 618 2913 &
646 2818 921 2956 pereleganti
948 2823 1158 2925 differens
1188 2866 1280 2964 cap.
1300 2869 1339 2942 9.
1365 2825 1575 2930 Prisciani
1595 2842 1805 2950 ,&Lau-

390 2959 529 3048 rentii
555 2959 884 3054 anctoritatem.
910 2961 983 3060 his
1007 2963 1158 3065 verbis
1181 2962 1439 3070 convellite

856 3181 859 3185 .
948 3105 1010 3182 Eia
1037 3104 1056 3186 l
1086 3102 1122 3189 a.
1153 3136 1184 3191 c.
1236 3171 1241 3185 .

398 3207 403 3217 '
442 3202 544 3290 Heu
573 3207 720 3320 supina
738 3209 882 3298 nolirae
902 3129 1578 3326 temperanscirammaticorum
1608 3227 1807 3340 ingenia!

383 3306 565 3448 Ecquis,
594 3326 734 3433 ecquis
759 3326 918 3451 'reliciis
947 3356 970 3413 a
1003 3351 1122 3441 tergo
1145 3331 1372 3437 Prisciani,
1402 3338 1558 3423 reliciis
1577 3337 1804 3429 Laurentii

384 3422 502 3553 l'⁰⁰,¹⁸
521 3440 723 3531 inventis,
759 3464 798 3516 nr
818 3444 1030 3535 anteriora
1052 3448 1186 3527 nitens
1203 3501 1215 3542 ‚
1244 3452 1340 3530 novi
1370 3451 1532 3561 aliquid
1562 3478 1587 3533 e
1615 3455 1805 3540 tenebris

382 3559 516 3660 eturt:
545 3568 644 3623 cum
669 3570 798 3650 prope
816 3550 1037 3631 innumera
1056 3552 1158 3644 sint,
1177 3582 1270 3662 quae
1289 3557 1512 3646 observata
1534 3565 1709 3671 optimis
1728 3594 1804 3653 au·

379 3642 592 3743 notibus,
624 3650 813 3756 ignorata
835 3653 1118 3778 superioribus
1138 3663 1465 3772 Grammaticis,
1497 3673 1605 3784 proh
1632 3677 1800 3787 pudor,

380 3773 554 3875 mortua
575 3754 825 3885 sepultaque
849 3776 1020 3861 jacent?
1051 3768 1183 3856 Nam*
1201 3796 1249 3859 ut
1269 3801 1420 3866 caerera
1440 3789 1798 3896 praetermittam,

379 3858 545 3989 quidm
574 3865 743 3997 drcendr
757 3897 906 3979 genere
928 3877 1167 3987 pulchrius,
1198 3889 1299 3999 quid
1321 3894 1579 4002 elegantins‚'
1597 3924 1683 4009 quo
1704 3930 1797 3984 ma·

374 3996 494 4052 xrrna
523 3971 595 4058 rlla
626 3977 849 4067 latrnrtatis
878 3988 1051 4076 lumi-na·
1071 3996 1131 4078 usr
1153 3997 1271 4099 sunt,
1298 4005 1495 4108 perditum
1524 4039 1571 4095 eo
1595 4037 1670 4120 pro
1701 4036 1797 4118 prr-

264 4122 269 4131 .
373 4078 421 4160 do
453 4140 463 4178 ,
492 4109 664 4192 ereptum
694 4119 734 4175 eo
766 4122 842 4205 pro
871 4105 987 4207 eripio
1018 4158 1033 4201 ‚
1069 4130 1250 4195 ornatum
1278 4142 1326 4196 eo·
1350 4144 1427 4227 pro
1456 4150 1545 4207 orno
1575 4122 1592 4205 ?
1624 4121 1673 4204 In
1691 4128 1792 4233 qui·

380 4188 456 4276 bus
484 4199 666 4282 verbum
694 4232 735 4284 eo
765 4234 846 4329 non
871 4211 961 4310 jam
992 4216 1131 4301 ullu-m
1162 4242 1333 4309 motum
1361 4226 1540 4316 localem
1570 4231 1788 4334 ollendit,

375 4326 527 4385 verum
551 4308 736 4414 depofita
754 4341 842 4412 eJua
862 4343 1003 4406 motus
1022 4324 1319 4433 fignificatione
1339 4366 1471 4423 unum
1504 4372 1606 4429 cum
1635 4346 1787 4455 supino

374 4406 541 4496 saelum
561 4418 617 4543 eli
637 4421 838 4524 verbum,
870 4433 986 4516 idem
1002 4443 1175 4524 omnino
1196 4443 1447 4554 significans,
1478 4456 1592 4564 quod
1625 4457 1782 4566 ipsum,

370 4520 706 4650 updeluprnum
728 4534 964 4624 deducium
982 4548 1037 4626 en
1062 4553 1239 4637 verbum
1259 4620 1267 4635 .
1287 4558 1357 4648 ,Et
1380 4583 1522 4647 tamen
1542 4565 1788 4650 oscitabun-

373 4630 416 4711 dr
436 4656 531 4759 o‘cro
549 4636 926 4771 obmarcescimus,
955 4654 1059 4738 dum
1079 4655 1283 4749 assecutos
1300 4672 1585 4776 arbitramur,
1615 4680 1786 4789 ipfique

372 4741 492 4824 nobis
515 4746 679 4853 pulchri
702 4756 922 4882 uidemur,
952 4764 1056 4849 durn
1085 4769 1189 4856 nilril
1210 4774 1334 4890 supra
1358 4782 1643 4887 priscianum,
1672 4790 1785 4874 nilril

368 4848 494 4971 supra
527 4855 808 4948 Laurentium
838 4869 981 4981 sapere
1011 4881 1242 4968 audemus.
1296 4889 1414 5000 Quin
1444 4896 1672 4983 afferamus
1702 4901 1783 5009 ipsr

361 4985 452 5154 Jbam
472 4970 694 5105 exempla,
725 4977 879 5108 quibus
908 5003 997 5069 tam
1020 4986 1147 5093 scita,
1178 5016 1357 5114 tamque
1375 5005 1529 5113 latina,
1561 5038 1611 5097 ac
1631 5038 1782 5123 petur-

398 5098 473 5166 ana
495 5077 659 5170 drceudr
683 5084 817 5206 figura
838 5093 1102 5187 tnclarescat.
1357 5119 1359 5123 ’
1432 5121 1436 5128 “

1595 5247 1707 5340 Hie-
