4459 6750
720 859 1479 989 GRAMMATIC'Al
1690 921 1759 975 ι..

402 998 453 1085 n‘t
471 997 674 1127 quodipsr
697 1004 967 1115 perfidissime
978 1010 1262 1102 insecuntur.
1291 1007 1375 1095 Eos
1406 1028 1553 1096 tamen
1579 1035 1662 1100 oon
1689 920 1830 1125 pluris

401 1116 424 1217 (.
439 1133 489 1214 ut
504 1123 655 1219 aiunt)
684 1137 814 1227 atque
833 1118 969 1210 simias
987 1117 1119 1207 facio.
1151 1123 1269 1208 Audi
1287 1124 1417 1233 igitur
1437 1122 1637 1209 nonnulla
1656 1151 1843 1226 eorum,¹

399 1245 494 1332 quae
511 1250 648 1335 quum
670 1228 853 1335 puerulis
872 1260 953 1316 nnn
972 1229 1053 1332 fine
1074 1236 1267 1320 maximo
1286 1232 1452 1319 Latinae
1469 1231 1624 1341 liuguae
1645 1233 1826 1322 dedeco-

400 1357 447 1463 re
466 1335 758 1439 traderentur,
786 1341 1309 1452 depravatacorreximus.
1339 1342 1623 1452 Primoenim
1640 1349 1657 1445 (
1677 1345 1825 1433 andlo-

402 1461 533 1542 rrtate
553 1469 696 1530 tamen
714 1473 910 1556 veterum
929 1452 1364 1555 Grammaticorum)
1383 1456 1444 1539 ita
1463 1452 1691 1554 docebant.
1723 1454 1843 1548 Pron.

404 1555 498 1665 pria
520 1560 687 1642 nomina
705 1581 889 1670 quatuor
909 1558 1065 1646 habere
1083 1561 1239 1672 species
1266 1560 1351 1648 &o
1695 1608 1703 1656 .·
1822 1563 1840 1646 s

464 1665 602 1781 Infinr
613 1733 621 1749 .
633 1665 746 1755 Tarn
760 1670 897 1757 multa
914 1672 1089 1783 quidem
1110 1676 1152 1755 in
1171 1672 1615 1787 totisRegulisnostris
1634 1704 1736 1788 para
1752 1676 1841 1781 ἀοι,

411 1779 579 1875 xam&
598 1778 848 1868 sententiam
866 1810 1016 1869 eorum
1034 1784 1256 1870 docuimus
1275 1843 1288 1884 ,
1318 1790 1392 1898 qui
1415 1784 1716 1873 hereditariam
1735 1786 1845 1875 ma·'

407 1888 470 1997 gis
497 1886 741 1995 scientiam,
768 1922 899 2006 quarn
928 1894 1073 2007 aliquo
1102 1895 1177 1978 suo
1204 1895 1341 1998 studio
1368 1921 1538 2009 partam
1566 1897 1741 1999 docent,
1770 1919 1835 2006 ut,

407 2024 492 2081 non
509 2006 718 2088 minorem
736 2033 806 2096 me
824 2027 973 2115 putem
992 2006 1074 2092 hoc
1092 2006 1229 2091 nollro
1249 2003 1385 2093 studio
1403 2005 1641 2094 utilitatem
1659 2007 1824 2092 attulis-

406 2106 453 2191 se
473 2111 613 2218 prima
632 2110 875 2198 litterarum
895 2116 1156 2200 tentantibus
1183 2118 1457 2218 rudimenta,
1495 2144 1626 2229 quam
1643 2119 1717 2230 qui
1735 2144 1826 2229 gra-

406 2220 527 2305 viora
548 2219 694 2307 sectati
717 2221 811 2308 sunt
831 2224 986 2310 studia.
1015 2225 1163 2339 Neque
1181 2232 1294 2336 enirn
1313 2221 1420 2314 illud
1439 2225 1620 2314 feliciter
1636 2254 1826 2340 unquam

406 2328 557 2431 consur
585 2356 630 2416 et
649 2333 900 2437 aedificiutn,
930 2335 1046 2438 cujus
1065 2336 1341 2440 fundamenta
1370 2338 1474 2425 bene
1498 2336 1612 2440 jaeta
1635 2366 1715 2424 non
1736 2338 1823 2423 fue·

407 2443 515 2545 rint.
546 2356 730 2531 gonfido
749 2449 877 2554 igitur
896 2446 1059 2533 labores
1087 2449 1243 2534 nostros
1271 2476 1388 2579 reque
1416 2449 1612 2533 omnibus
1642 2452 1691 2534 iis
1728 2445 1839 2552 fore

406 2571 573 2662 gratos,
602 2554 648 2640 dt
679 2556 916 2667 probabiles
938 2563 1052 2669 ,qui
1081 2586 1210 2670 veros,
1230 2558 1476 2660 Latinitatis
1502 2553 1664 2640 frudlus
1692 2556 1826 2665 gustas·
1873 2634 1875 2638 Α

405 2681 530 2763 runt,
550 2665 750 2781 nulloque
770 2669 914 2752 livoris
934 2667 1101 2759 stimulo
1121 2690 1372 2781 premuntur
1392 2732 1400 2749 .
1430 2664 1511 2753 Sed
1529 2692 1671 2777 quum.
1685 2668 1725 2748 in
1747 2663 1844 2772 hac,

406 2775 545 2859 nostra
562 2774 844 2881 florentiffrma
865 2777 1419 2893 Urbemultiexfillant,qui
1441 2776 1648 2874 bonarum
1662 2774 1830 2860 Artium

408 2882 544 2971 studia
565 2891 758 2998 apprime
778 2891 950 2991 colant,
974 2894 1222 3003 optimeque
1232 2891 1287 2975 de
1305 2918 1349 3005 re
1368 2883 1784 2978 litteraria'senrianr
1812 2941 1842 2996 ,⁸

406 3015 457 3079 tu
478 3017 620 3081 tamen
641 2999 773 3098 mihi,
805 2998 985 3101 Marce,
1015 3000 1125 3088 solus
1154 3001 1266 3087 visus
1282 3029 1359 3102 es,
1386 3000 1505 3100 cujus
1531 2994 1715 3082 ccnlurae
1745 2996 1842 3098 hoc,

409 3108 701 3219 qualecunque
717 3109 1082 3194 industriaenostrae
1099 3138 1252 3212 munus
1270 3111 1539 3212 subjicerem·
1573 3108 1635 3192 Ea
1653 3110 1767 3196 euim
1785 3107 1848 3194 es'

411 3218 674 3314 eruditione,
702 3244 838 3328 eoque
857 3221 986 3303 animi
1005 3218 1150 3320 juxta,
1179 3223 1415 3330 ingeniique
1441 3217 1657 3311 candore,
1685 3241 1735 3300 ut
1754 3216 1831 3299 abs

414 3326 533 3410 tede
553 3345 645 3410 tota
665 3326 906 3435 refimplex
927 3326 1034 3409 mihi
1054 3381 1068 3423 ,
1097 3328 1144 3412 δι
1162 3327 1374 3437 apertum
1385 3326 1596 3427 judicium
1625 3322 1675 3410 fit
1706 3346 1841 3432 expe·.

412 3435 647 3521 Claudum.
676 3434 1139 3547 Opusculumigitur,
1169 3458 1213 3517 te
1231 3461 1362 3543 rogo,
1391 3459 1441 3516 ea
1467 3427 1717 3546 diligentia,
1747 3436 1840 3546 qua

412 3543 563 3633 cuodla
584 3542 1113 3646 consuevisti,confideres,
1141 3542 1189 3629 &
1208 3544 1311 3650 quid
1330 3541 1746 3651 sentias,aliquando
1759 3567 1833 3625 nos

411 3676 490 3745 aut
518 3683 696 3757 coram,
725 3675 802 3742 aut
831 3655 984 3741 litteris
1014 3655 1098 3738 tuis
1126 3655 1325 3739 certiores
1354 3648 1501 3737 facias.
1531 3648 1632 3738 Alia
1659 3677 1685 3734 a
1714 3651 1834 3759 nobis

413 3768 533 3854 brevi
551 3766 817 3877 expedlabis,
837 3793 938 3879 quae
957 3793 1065 3852 nunc
1085 3766 1243 3876 partim
1262 3761 1339 3849 sub
1356 3761 1556 3860 dolabra,
1575 3764 1734 3874 partim
1749 3760 1830 3877 ¹sub

413 3881 588 3962 runcina
608 3877 725 3960 sunt.
753 3873 883 3975 Vale,
913 3876 959 3959 ὅ(
980 3905 1074 3977 me,
1101 3877 1217 3990 quod
1235 3873 1363 3976 facis,
1391 3900 1489 3958 ama
1510 3872 1763 3984 plurimum.

502 3997 557 4085 ln
584 3983 679 4086 line
701 4020 856 4085 autem
887 3983 1262 4115 voluminishaec
1292 3984 1543 4085 habentur:

832 4138 836 4145 '
876 4140 880 4147 '
972 4124 1047 4212 Ad
1072 4127 1292 4212 tellurem.

474 4236 655 4354 Optime
677 4236 831 4327 Ledlor
851 4297 866 4340 ,
893 4239 964 4322 cui
999 4237 1165 4320 labores
1186 4235 1311 4318 nostri
1330 4233 1446 4321 haud
1464 4232 1615 4345 ingrati
1635 4229 1760 4334 sunt,
1787 4262 1832 4321 u·

413 4376 518 4436 num
538 4352 619 4437 hnc
639 4374 684 4437 te
705 4352 810 4435 scire
827 4349 1051 4447 volumus,
1079 4374 1152 4430 nos
1170 4346 1211 4428 in
1232 4346 1296 4429 his
1314 4370 1545 4457 puerorum
1565 4343 1850 4454 institutionis

412 4460 495 4549 bus'
512 4460 773 4549 brevitatem
790 4460 980 4546 maxime
990 4455 1154 4542 secutos
1170 4453 1272 4554 elle,
1302 4484 1352 4540 ne
1371 4457 1510 4542 multa
1527 4456 1676 4540 multis
1685 4456 1839 4569 addenss

415 4573 505 4671 do,
532 4574 647 4686 quod
669 4572 814 4659 nostris
844 4569 1107 4682 temporibus
1135 4567 1324 4680 plerique
1351 4565 1573 4668 fecerunt,
1602 4554 1839 4669 adolescem·

410 4683 527 4766 tium
545 4689 677 4796 magis
692 4682 984 4797 defatigarem'
1002 4680 1164 4794 ingenia
1183 4736 1198 4781 ,
1225 4705 1357 4792 quam
1375 4677 1650 4782 adjuvarem-·=.
1678 4675 1836 4800 Neque

413 4792 530 4876 enim
547 4797 731 4903 ignotas,
761 4818 924 4884 teneras
943 4820 1174 4906 puerorum
1190 4815 1365 4877 mentes
1396 4792 1452 4878 ad
1480 4789 1569 4874 hac
1584 4790 1839 4885 ,rudimenta

416 4896 582 4988 facilius
600 4934 695 4995 corn
752 4907 897 4994 odioso
911 4964 926 5009 ,
955 4902 1003 4990 ἅ
1021 4903 1171 5002 seclo,
1198 4930 1330 5015 quam
1359 4904 1519 5016 longo,
1557 4900 1606 4989 ὅ(
1636 4902 1845 5015 perplexo

415 5016 594 5100 tramitc
608 5043 686 5218 fer
718 5022 807 5106 uci.
834 5021 885 5105 ln
904 5037 999 5105 toto
1018 5036 1161 5101 tamen
1181 5013 1355 5127 Opere,
1392 5015 1422 5102 fi
1450 5014 1555 5129 quid
1582 5014 1695 5098 forte
1718 5065 1734 5111 ,
1759 5030 1843 5094 aut

414 5124 556 5216 minus
574 5127 606 5219 il
626 5125 758 5236 ullre,
784 5148 861 5218 aut
881 5130 1020 5218 minus
1038 5129 1194 5215 tritum
1212 5127 1356 5215 visum
1388 5123 1556 5234 fuerit,
1579 5125 1735 5238 optimi
1753 5123 1843 5207 erit
1898 5212 1902 5227 ,

1702 5253 1792 5331 pra·¹
