4459 6750
486 866 575 951 nl
788 820 1433 957 ½,PERSIUS

415 1001 464 1094 in
487 990 707 1107 Latinum
734 971 1042 1094 conversam,
1065 988 1111 1076 dt
1134 984 1184 1079 in
1212 1008 1265 1072 ea
1283 958 1711 1105 urbepublicatam
1753 974 1834 1060 πῂ.

413 1169 476 1231 no
507 1158 647 1245 1474.
667 1155 745 1260 per
772 1126 1033 1223 Henricum
1058 1103 1409 1223 coloniensem,
1432 1118 1478 1202 δι
1499 1105 1706 1199 Statium
1720 1095 1833 1198 Gal-

412 1266 587 1367 licum.
622 1270 689 1361 At
709 1259 765 1359 de
791 1298 843 1361 ea
864 1251 1049 1396 Epocha
1077 1249 1189 1353 alibi
1210 1252 1410 1350 ..Nunc
1426 1244 1687 1341 Britannici
1719 1244 1855 1375 Epis

417 1398 812 1504 stolarecitanda.
1735 1412 1738 1417 ·

442 1590 622 1710 Joanies
640 1591 898 1683 Britannicus·
910 1588 1130 1677 Brixitnus
1150 1584 1310 1673 Senatui
1333 1640 1348 1684 ,
1368 1568 1582 1713 Populq'que
1593 1579 1803 1715 ¹Brixiam

964 1774 968 1783 ·
1027 1727 1235 1814 Salutem·
1668 1756 1678 1765 ·

536 1881 659 1967 Uum
678 1877 843 1975 multa,
873 1873 921 1959 &
939 1873 1056 1960 varia
1080 1873 1124 1958 in
1152 1869 1276 1954 rebus
1295 1862 1490 1950 humanis
1517 1859 1630 1959 sint,
1659 1861 1706 1949 in
1734 1863 1836 1974 qui..

562 1991 640 2075 bus
659 1989 883 2077 hominum
910 1985 1074 2096 ingenia
1091 1982 1277 2065 exerceri
1306 1977 1470 2074 solent,
1497 1975 1572 2084 qui
1682 1995 1830 2083 quum

412 2102 486 2188 alii
505 2126 625 2188 arma
635 2100 886 2211 sequantur,
903 2095 976 2181 alii
995 2090 1283 2203 agricolationi
1302 2085 1453 2172 intenti
1465 1996 1657 2182 srntffi
1670 2080 1829 2168 situen-

413 2214 478 2296 dis
503 2209 655 2321 opibus
684 2206 945 2305 inliaereant,
973 2202 1022 2289 δι
1050 2202 1124 2286 alii
1149 2200 1231 2307 alia
1260 2201 1305 2284 id
1326 2222 1454 2309 genus
1478 2218 1609 2307 opera
1637 2194 1827 2306 comple·

412 2319 715 2426 &aurumque
725 2319 866 2402 omnia
894 2341 1029 2425 quum
1055 2308 1197 2423 aliqua
1222 2327 1416 2420 exparte
1443 2331 1520 2417 per
1543 2301 1589 2387 se
1606 2300 1755 2406 clara,
1779 2302 1826 2389 dt

415 2428 542 2515 laude
559 2429 684 2537 digna
700 2425 779 2511 esse
798 2424 944 2537 possint
954 2449 1124 2524 ,meum
1147 2442 1291 2506 tamen
1308 2419 1474 2528 semper
1491 2408 1824 2534 fuitiudicium,

412 2538 635 2627 literarum
656 2536 791 2621 studia
812 2556 861 2623 ea
879 2532 1084 2646 esse,quae
1101 2530 1302 2617 omnibus
1318 2527 1400 2612 sure
1420 2520 1710 2611 controverfia
1732 2552 1825 2636 prz-

409 2645 628 2732 ferantur.
664 2643 783 2730 Nam
802 2645 907 2758 quid
925 2644 1086 2729 homini
1104 2643 1239 2750 magis
1265 2638 1555 2749 expetendum
1575 2633 1630 2717 fit
1650 2650 1823 2748 „quam

409 2761 614 2841 utvitam
634 2754 752 2838 suam
771 2758 1035 2863 optimarum
1053 2754 1213 2836 artium
1235 2750 1379 2835 studiis
1394 2743 1594 2833 excolat?
1625 2740 1822 2831 Eaenim

409 2854 742 2974 profediosunt,
763 2863 916 2974 quibus
940 2863 995 2945 ad
1015 2862 1283 2969 religionem,
1312 2856 1433 2942 &ad
1453 2880 1608 2969 return
1626 2852 1720 2942 Dei
1738 2857 1821 2942 cul·

407 2968 796 3082 tum,caeterasque
808 2973 995 3055 ,virtutes
1012 2968 1268 3057 formamur.
1300 2966 1456 3053 Literis
1473 2966 1619 3052 omnia
1635 2970 1821 3095 egregia,

406 3078 456 3165 dt
474 3081 901 3190 praclaradebentur
918 3105 1074 3188 opera.
1106 3078 1216 3192 Qus
1232 3079 1346 3164 enim
1364 3106 1436 3162 nos
1464 3102 1490 3161 a
1510 3074 1711 3161 barbutia
1734 3081 1821 3163 vin*

406 3191 598 3276 dicavit?
625 3186 787 3276 literae.
819 3190 931 3304 Quis
947 3216 1092 3276 rerum
1110 3189 1377 3289 coelestium,
1396 3186 1445 3273 ὅ(
1464 3185 1753 3295 humanarum
1771 3186 1823 3272 si·

402 3301 495 3388 mul
515 3303 796 3412 coguitionem
813 3301 870 3388 ad
888 3330 962 3389 nos
979 3298 1238 3388 transmisit?
1265 3301 1417 3386 literae.
1439 3298 1558 3412 „Qtir
1573 3296 1723 3386 docuit
1744 3327 1819 3386 nor

402 3441 497 3522 qua
515 3413 653 3524 Scipio
680 3416 724 3499 in
744 3410 957 3522 Aphrica,
985 3439 1081 3525 quae
1101 3411 1306 3499 Metellus
1325 3412 1368 3495 in
1388 3405 1635 3507 Numidia,
1664 3405 1716 3506 dt
1747 3411 1819 3498 alii

405 3522 448 3603 in
465 3521 557 3606 aliis
576 3523 765 3625 praeclari
781 3525 1065 3624 imperatores
1083 3522 1186 3604 locis
1205 3520 1385 3630 gessere?
1403 3521 1554 3630 literae,
1581 3515 1711 3610 Nam
1733 3551 1819 3609 ma·-

398 3626 540 3729 jorum
569 3625 806 3711 nostrorum
834 3625 1007 3712 illustria
1036 3656 1165 3741 opera
1192 3632 1234 3713 in
1262 3630 1446 3716 tenebris
1478 3623 1720 3736 jacerent,
1748 3631 1817 3720 nil

398 3734 791 3817 literarumlumen
809 3738 1047 3821 accederet.
1076 3736 1203 3822 Plato
1218 3742 1358 3837 enim,
1377 3740 1656 3854 Pythagoras,
1678 3740 1817 3843 zeno,

347 3867 350 3874 ·
405 3841 618 3973 SJocrarcs,
635 3842 683 3926 ὅ(
704 3844 776 3929 alii
795 3848 1103 3956 propemodum
1120 3850 1444 3937 innumerabiles
1456 3849 1629 3938 Philoso
1662 3851 1710 3940 hi
1724 3852 1815 3957 ,nisi

402 3950 623 4039 literarum
634 3979 909 4041 monumenta
929 3956 1159 4044 extitissent
1167 3990 1268 4066 ,nec
1287 3964 1317 4047 ii
1337 3959 1534 4066 fuissent,
1569 3880 1696 4056 utilis¹
1711 3991 1818 4053 nunc

398 4067 691 4166 nominantur,
720 4093 795 4150 nec
823 4093 972 4152 eorum
996 4072 1165 4155 nomina
1193 4072 1249 4156 ad
1279 4101 1350 4157 nos
1367 4071 1538 4161 transivi
1570 4083 1680 4158 ent'.
1705 4074 1813 4164 Nul-

399 4178 492 4262 lum
511 4177 685 4286 quidem
707 4199 812 4288 puto
828 4177 963 4279 majus
991 4180 1050 4265 ab·
1066 4181 1303 4269 immortali
1325 4185 1423 4273 Deo
1442 4183 1694 4272 hominibus
1723 4188 1809 4276 dari

404 4283 585 4396 potuisse
603 4287 792 4369 donum.
820 4287 869 4369 In
896 4289 1089 4379 humanis
1106 4291 1262 4378 scimus
1286 4323 1418 4406 opes,
1447 4297 1647 4398 divitias,
1683 4300 1807 4414 digui-

405 4414 545 4490 tates,
575 4394 774 4492 honores,
802 4397 1289 4513 dominatus,imperia,
1316 4405 1629 4510 &hujusmodi
1652 4412 1808 4510 omnia,

406 4530 500 4611 qua
526 4503 684 4587 cunetis
712 4501 799 4587 sere
828 4512 1079 4595 mortalibus
1104 4517 1298 4623 exoptati
1329 4516 1494 4616 solent,
1524 4517 1671 4611 multa
1702 4526 1744 4605 in
1771 4519 1809 4612 st

404 4611 563 4700 habete
579 4616 802 4699 commoda
814 4670 839 4727 ,¹
857 4616 905 4702 dt
922 4622 976 4701 ad
997 4620 1176 4705 hominis
1195 4652 1368 4725 nomen,
1388 4625 1638 4738 famamque
1659 4659 1807 4743 angen·

407 4726 533 4825 dam,
551 4724 738 4808 multum
759 4726 926 4841 valere.
957 4728 1038 4816 Sed
1054 4732 1147 4839 quis
1164 4733 1348 4821 affirmet
1364 4738 1419 4825 ab
1437 4739 1486 4825 iia
1501 4765 1551 4825 ea
1569 4739 1807 4854 nobis‘prta

405 4833 501 4918 'llari
513 4892 527 4958 ,
554 4858 648 4949 quae
666 4835 797 4920 literar
814 4838 1090 4949 largiuntur?
1117 4839 1235 4929 Nam
1257 4848 1328 4933 illa
1349 4848 1455 4936 bona
1480 4850 1805 4964 quidemsunt,

401 4944 474 5028 sed
502 4969 596 5053 quae
616 4970 745 5054 parvo
772 4951 973 5141 temporis
1001 4954 1211 5038 curriculo
1239 4961 1491 5047 evanescunt
1509 5023 1530 5043 ..
1550 4959 1655 5047 Nec
1686 4965 1737 5050 iis
1763 4987 1801 5048 ct

291 5131 295 5137 .
404 5061 538 5143 virtus
558 5053 636 5158 esl,
653 5077 701 5142 ut
721 5056 835 5143 ultra
871 5086 939 5147 ere
958 5059 1136 5148 hominis
1154 5089 1326 5156 atatem
1348 5069 1532 5177 alicujus
1550 5061 1805 5178 memoriam,

1457 5260 1461 5267 .
1607 5210 1761 5274 exicii·

1017 5307 1022 5316 ι
