4459 6750
839 956 1374 1062 Lucanus.
1646 999 1739 1080 117

405 1120 530 1203 quam
551 1090 844 1199 imprudenter
862 1118 1087 1203 acceptum
1107 1090 1254 1177 retulit
1275 1152 1284 1172 .
1316 1091 1406 1202 Ego
1425 1117 1525 1176 vero
1536 1151 1550 1193 ,
1566 1098 1641 1180 etsi
1660 1097 1811 1183 intelli·

402 1204 576 1311 gebam‚
610 1202 771 1283 nullam
808 1229 879 1285 me
909 1231 985 1310 pto
1015 1202 1229 1286 laboribus
1268 1210 1450 1312 gratiam
1481 1203 1810 1316 suscepturum,

400 1343 536 1421 quum
556 1338 608 1393 eo
628 1311 873 1395 deliciarum
894 1339 1038 1396 omnes
1069 1312 1148 1394 hac
1168 1314 1417 1421 tempestate
1433 1320 1699 1425 pervenimus
1717 1375 1731 1418 ,
1760 1339 1809 1401 ut

402 1423 506 1503 nihil
540 1421 587 1502 sit
621 1422 935 1504 detrahentium
956 1421 1159 1503 morsibus
1181 1423 1466 1526 inviolatum,
1495 1427 1580 1509 tuis
1597 1445 1740 1508 tamen
1769 1429 1810 1508 in

404 1560 474 1613 me
496 1530 704 1612 beneficiis
732 1530 921 1613 astrictus
945 1589 958 1628 ,
988 1532 1109 1639 Opus
1131 1529 1292 1638 ipsum,
1317 1535 1431 1639 quod
1459 1535 1643 1648 alioquin
1665 1535 1811 1617 verbo

404 1669 500 1725 rum
519 1640 764 1748 ambagibus
785 1637 1080 1722 fastidiendum
1101 1636 1351 1741 videbatur,
1370 1669 1447 1751 pro
1464 1648 1612 1752 ingenii
1634 1650 1811 1726 renuita-

406 1772 470 1847 te,
493 1750 563 1832 sed
584 1771 820 1859 temperata
839 1747 1123 1855 castigatione,
1140 1752 1318 1848 correxi,
1329 1777 1380 1833 ue
1397 1750 1508 1836 sorte
1518 1754 1810 1837 Literatorum

403 1861 586 1967 vulgus,
619 1860 809 1967 crispatis
838 1859 1005 1941 naribus
1035 1858 1275 1967 insurgens,
1304 1860 1448 1943 alienae
1475 1865 1587 1945 meisi
1613 1890 1688 1946 nos
1713 1891 1810 1947 ava·

404 1995 496 2052 ram
521 1972 642 2052 nimis
673 1965 826 2050 falcem
855 1966 1065 2066 subjecisse
1087 1970 1384 2051 contenderet.
1416 1969 1602 2054 Tametsi
1630 1975 1721 2080 quis
1746 1970 1811 2069 ju·

403 2105 450 2159 re
483 2077 748 2159 succenseat?
780 2077 1035 2156 Addidimiis
1064 2104 1157 2186 quae
1179 2078 1350 2174 Graece,
1383 2081 1617 2191 Latineque
1644 2080 1810 2162 fuerant

405 2208 613 2292 oportuna
636 2244 648 2285 ,
671 2204 765 2291 quar
783 2208 928 2267 autem
949 2214 1026 2266 non
1049 2208 1246 2295 poterant
1276 2186 1358 2270 fine
1386 2190 1556 2299 publico
1574 2188 1810 2273 eminentis·

405 2295 495 2376 sinii
521 2298 642 2378 Vatis
666 2297 883 2405 dispendio
901 2294 1004 2403 legi,
1032 2295 1161 2379 recisa
1181 2295 1304 2379 sunt.
1334 2298 1581 2406 Depravata
1598 2299 1689 2382 loca
1712 2296 1808 2380 side·

406 2407 504 2485 liter
523 2408 867 2502 emendavimus,
894 2411 1060 2513 eaque(
1071 2407 1243 2513 opinor)
1273 2404 1464 2508 solertia,
1496 2433 1544 2492 ut
1573 2407 1600 2489 fi
1628 2412 1720 2515 quis
1749 2433 1808 2489 er-

405 2543 552 2596 rorum
580 2515 756 2612 causas,
786 2514 833 2596 ὅ(
863 2517 1041 2596 rationes
1071 2516 1447 2613 emendationum,
1485 2519 1642 2599 collato
1673 2518 1811 2626 priore

403 2623 673 2731 exemplari,
704 2621 964 2733 sepofitoque
992 2623 1124 2702 livore
1144 2625 1363 2730 diligenter
1392 2625 1646 2723 excusserit,
1678 2626 1811 2734 pauca

403 2733 640 2814 admodum
662 2731 771 2828 sint,
800 2757 895 2839 quat
919 2731 973 2811 ad
994 2733 1161 2840 plenam
1193 2733 1334 2814 Poeta:
1360 2735 1680 2842 intelligentiam
1711 2731 1812 2814 desi·

404 2842 624 2925 cierentur.
657 2839 721 2922 Te
739 2842 869 2948 igitur
886 2839 994 2922 mihi
1014 2840 1279 2938 assertorem,
1293 2841 1371 2923 Vir
1385 2843 1698 2939 humanissime,
1713 2867 1812 2950 prae·

401 2951 553 3050 stabis,
583 2950 700 3052 cujus
732 2949 918 3058 auspicio
935 2951 1136 3058 quicquid
1156 2950 1212 3031 ell
1233 2954 1315 3032 hoc
1332 2951 1635 3036 lucubrationis
1652 2951 1813 3060 egredi·

399 3081 499 3141 tur.
534 3058 605 3143 Tu
627 3067 738 3143 enim
760 3059 981 3140 excellenti
1010 3065 1203 3154 virtute,
1233 3059 1485 3171 summoque
1512 3065 1675 3171 ingenio
1704 3089 1811 3142 unus

402 3172 613 3278 imprimis
641 3171 865 3251 literarum
885 3165 1048 3246 subtilis
1074 3167 1324 3264 aestimator,
1355 3170 1402 3252 dt
1431 3171 1573 3251 censor
1599 3171 1811 3274 intelligis,

405 3305 538 3385 quam
559 3278 816 3368 verbdruni,
846 3275 1229 3380 sententiarumque
1247 3276 1464 3370 majestate
1483 3277 1614 3355 Poeta
1633 3280 1812 3356 concita·

406 3407 476 3469 tus
495 3384 702 3493 assurgat,
723 3381 1038 3489 intermissisque
1058 3407 1355 3490 nonnunquam
1377 3382 1636 3491 gravioribus
1655 3382 1812 3481 studiis,

404 3500 593 3603 poeticas
611 3493 977 3600 interpretationes
995 3490 1181 3597 inspicis,
1201 3488 1247 3569 dt
1266 3490 1477 3596 exploras.
1505 3490 1635 3574 Stilus
1649 3511 1813 3592 autem,

400 3603 430 3686 sr
453 3605 556 3717 quid
579 3624 623 3686 te
641 3600 875 3708 impolitior
895 3593 1079 3681 offendet
1100 3654 1111 3693 ,
1141 3595 1343 3705 cogitabis
1362 3597 1560 3683 trimestri
1580 3600 1814 3703 celeritate,

402 3710 712 3826 &paucissimis
731 3709 905 3820 quidem
924 3706 1006 3789 diei
1027 3705 1142 3788 horis
1161 3706 1309 3791 cundia
1330 3710 1487 3792 mutari
1518 3737 1598 3793 non
1618 3709 1810 3823 potuisse,

401 3846 734 3935 urgente,atque
754 3816 1811 3928 indicesexpostulanteimpressorumturba.Cujus

400 3934 598 4043 angustiae
618 3932 739 4013 telles
758 3928 866 4010 mihi
886 3925 1198 4029 Hieronymum
1214 3926 1510 4027 Advocatum,
1530 3926 1812 4039 Joannemque

402 4044 699 4128 Britannicum
719 4063 820 4122 rarae
839 4035 1082 4121 finceritatis
1109 4041 1250 4131 viros,
1279 4033 1327 4115 dc
1356 4035 1478 4145 plane
1507 4038 1811 4136 ἓγκυκλοπωῶάᾳ

402 4153 685 4239 disertissimos
703 4146 890 4261 appello.
904 4147 1035 4256 Qud
1057 4144 1327 4226 siacuiilsimo
1341 4143 1501 4243 judicio
1520 4161 1596 4223 tuo
1607 4138 1813 4223 Pharsali·

401 4293 450 4347 ca
473 4264 561 4345 haec
579 4265 788 4345 enarratio
806 4256 935 4341 suerit
957 4251 1232 4360 comprobata
1245 4252 1373 4350 ,nihil
1391 4250 1815 4361 eritamplius‚quod

401 4404 427 4458 a
456 4372 682 4457 dodiorum
710 4373 842 4451 etiarn
870 4363 1146 4447 Bibliothecis
1186 4364 1318 4446 ullam
1345 4360 1557 4474 repulsam
1587 4381 1815 4444 vereatur.

402 4483 517 4567 Ama
530 4470 665 4578 uon&
676 4479 790 4561 vale.
805 4474 958 4559 Brixia
968 4468 1813 4585 pridieKalMajasMCCCCLXXXVI.

405 4604 407 4610 ’
479 4604 611 4724 Qios
630 4586 801 4689 laboris
817 4582 885 4684 lui
902 4593 950 4681 in
978 4623 1029 4683 ea
1057 4585 1380 4682 emendatione
1397 4584 1528 4681 testes
1543 4578 1813 4718 allegatTa-

408 4728 562 4838 berius
572 4804 589 4847 ,
601 4736 952 4859 Hieronymum
969 4717 1134 4819 scilicet
1149 4722 1438 4822 Advocatum
1455 4736 1527 4838 ,δι
1542 4723 1705 4838 Joanu.
1717 4728 1815 4820 Bri·
1862 4806 1868 4814 .

406 4876 677 4983 rannicum,
698 4860 900 4989 ejusdem
916 4854 1282 4970 etiamfautores
1305 4854 1496 4977 habuit,
1520 4893 1573 4958 ut
1599 4894 1813 4997 apertum

402 5004 456 5105 fir
476 5044 530 5103 ex
555 5000 938 5141 Epistola,quam
960 5005 1589 5119 mox·recitamus,Brixianae
1600 4997 1810 5095 Editioni

405 5140 669 5289 praepositui
1605 5230 1742 5347 Junii-
