4459 6750
476 926 535 1004 oa
748 894 1447 1028 GRAMMATICA.

410 1051 500 1145 tim
526 1041 698 1164 Valle,
730 1058 775 1145 dc
801 1048 991 1164 Joannis
1015 1038 1229 1156 Totteliii
1254 1038 1611 1178 depromptum,
1646 1057 1804 1169 quum

409 1184 574 1287 multis
602 1182 797 1283 maculis
826 1192 1176 1324 inquinaretur,
1212 1191 1309 1302 ejus
1335 1174 1697 1309 recognitionem
1735 1163 1814 1265 su}

376 1314 382 1326 ’
403 1314 541 1466 scepit
552 1314 820 1452 Parthenius
840 1325 1018 1439 noster,
1034 1354 1176 1456 quem
1188 1305 1491 1416 Benacensem
1527 1347 1555 1405 a
1576 1317 1719 1445 patria
1742 1305 1811 1404 di-

404 1473 537 1565 Ctum
560 1539 575 1584 ,
595 1478 641 1563 δι
657 1460 805 1562 alium
830 1457 888 1559 ab
910 1465 1122 1557 Antonio
1137 1452 1381 1551 Parthenio
1398 1442 1681 1566 Veronensi,
1707 1444 1804 1585 plu-

408 1603 537 1703 ribus
555 1607 872 1702 monumentis
897 1597 1167 1708 edocemur,
1189 1598 1306 1705 iuter
1321 1620 1423 1729 qua:
1444 1585 1570 1688 locus
1598 1587 1804 1701 dandus,

407 1779 461 1841 ut
485 1742 629 1840 modo
645 1737 827 1864 judico,
850 1731 1057 1836 Cornelii
1080 1727 1245 1832 Vitelii
1269 1729 1327 1830 ad
1350 1723 1650 1828 Parthenium
1664 1737 1809 1827 Bena-

241 1973 244 1978 ,
408 1874 586 1979 censem
614 1873 824 2016 Epistola
845 1872 1048 2012 allegatae
1082 1877 1133 1969 in
1155 1875 1303 2006 priore
1329 1863 1468 1994 hujus
1496 1874 1658 2004 Operis
1680 1902 1808 2002 parte

404 2045 506 2157 pag.
535 2039 610 2130 69.
647 2012 801 2153 ipsum
827 2022 877 2113 in
895 2003 1154 2147 Gymnasro
1179 2018 1400 2110 Romano
1425 2000 1612 2146 publico
1638 2005 1808 2142 stipen-

402 2160 487 2254 dio
506 2146 785 2256 Rhetoricen
811 2148 1006 2254 docuisse
1028 2146 1225 2270 affirmat
1242 2143 1400 2246 Helias
1410 2141 1667 2285 Capreolus·
1683 2143 1805 2243 Hist.

404 2288 484 2392 lib.
512 2328 586 2392 12.
622 2294 753 2431 Qud
791 2301 841 2392 in
873 2330 928 2413 >ea
956 2286 1269 2426 recognitione
1290 2285 1563 2387 Parthenius
1596 2283 1808 2422 praestite·

404 2441 489 2551 tit,
523 2445 621 2556 ejus
648 2428 876 2573 Epistola,
910 2468 965 2530 ex
986 2423 1454 2528 EditioneTarvistna
1472 2461 1546 2526 an.
1568 2437 1711 2539 1480.
1732 2459 1809 2560 per

407 2566 803 2672 Bartholomaeum
834 2563 1224 2672 Confdonerium
1259 2559 1537 2666 Brixiensem
1573 2557 1815 2701 impresso-

407 2737 540 2828 rem,
562 2710 788 2810 recitanda
804 2705 1076 2811 declarabite
1169 2734 1174 2742 ·

472 2863 777 2949 Bartholomaeus
793 2864 1031 2969 Parthenius
1050 2861 1137 2946 Gir.
1150 2849 1512 2966 FranothoThrono
1522 2853 1717 2943 ludovici
1728 2855 1771 2942 F.
1788 2915 1792 2925 ·

772 3000 947 3085 Patritio
967 2999 1111 3085 Veneto
1133 2997 1378 3115 integerrimo
1411 2995 1452 3085 S.
1599 3063 1603 3073 »

527 3115 725 3206 Rthemo
746 3118 919 3207 Philoso
950 3120 1106 3207 horum
1134 3115 1197 3206 sui
1226 3121 1431 3233 temporis
1450 3115 1815 3231 diligentissimus,

487 3348 496 3366 ⁶
552 3233 713 3344 quippe
730 3236 805 3348 qui
827 3146 1067 3320 AriKotelis
1086 3232 1279 3344 epistolas
1308 3230 1472 3345 absque
1487 3232 1637 3363 ordine
1671 3257 1811 3316 erran·

394 3342 1545 3556 {silillicilumtristissimis:
1570 3339 1816 3540 siffis}

400 3586 521 3655 tanta
540 3566 696 3649 laboris
714 3555 1002 3676 inquisitione,
1023 3581 1155 3675 quant
1176 3565 1415 3652 Aristotelis
1434 3559 1605 3678 posteris
1623 3566 1815 3652 consum·

399 3698 522 3761 tutta
538 3673 727 3757 editione
746 3672 939 3803 profuit.
968 3668 1090 3759 Nam
1112 3676 1219 3785 quid
1239 3678 1493 3768 mortalibus
1511 3679 1714 3790 ingenio,
1740 3677 1815 3762 do·-

401 3786 594 3885 &tiuare
608 3784 760 3868 auxilia
776 3781 1062 3897 Philosophus
1076 3788 1271 3872 summus
1284 3787 1467 3901 epistolis
1481 3786 1632 3875 afferre
1662 3789 1817 3873 valuis-

403 3892 490 3991 set,
510 3893 551 3975 ui
568 3887 744 3977 alteriue
761 3890 883 3979 labor
902 3893 995 3979 illas
1012 3896 1069 3980 ed
1086 3916 1281 4010 tempora
1301 3896 1438 3984 nosira
1485 3901 1679 3993 ‘nvenire
1699 3900 1815 4013 polle

220 4011 222 4013 ’
402 3995 609 4090 curasset?
637 3999 873 4089 Minimum
892 4000 1105 4116 profesio.
1136 4005 1269 4119 Quod
1298 4010 1345 4093 δι
1365 4007 1419 4093 de
1480 4007 1609 4115 yroue
1637 3999 1812 4096 Cicero·

351 4138 357 4148 ·
405 4119 467 4201 uis
484 4114 664 4216 liberto,
722 4117 765 4200 ui
796 4133 957 4202 nature
985 4114 1177 4203 bonitate
1206 4118 1263 4203 ad
1281 4119 1558 4207 centesimum
1587 4120 1721 4235 usque
1743 4141 1812 4206 ao·

401 4249 505 4313 uum
525 4229 693 4337 perveni
729 4253 752 4310 e
769 4226 931 4329 sertum·
960 4227 1044 4313 dici
1063 4229 1220 4343 potesi5
1248 4245 1348 4316 'nam
1366 4220 1543 4333 fortassis
1560 4236 1617 4319 ad
1636 4262 1714 4319 nos
1728 4261 1813 4317 non

401 4342 574 4445 integrat
594 4337 869 4445 pervenissent
889 4337 1105 4451 mellifluae
1124 4342 1340 4429 Ciceronis
1366 4342 1575 4454 epistola,
1607 4365 1657 4430 ut
1677 4344 1810 4457 plera·

401 4473 486 4558 que
504 4450 612 4531 tanti
632 4445 711 4530 viri
730 4470 1028 4552 monumenta,
1058 4452 1100 4537 ni
1120 4447 1299 4557 Tyronis
1316 4450 1542 4555 sedulitas,
1571 4476 1668 4542 tum
1687 4451 1808 4541 Cice·

398 4558 510 4642 tonis
529 4558 880 4658 immortalitate,
909 4582 1005 4647 tum
1027 4560 1290 4672 posterorum
1309 4563 1526 4669 utilitate,
1556 4563 1807 4680 pediinatim

399 4686 492 4752 tam
510 4689 610 4779 apte
627 4668 932 4771 conjunxisset.
965 4669 1137 4787 Qubus
1153 4674 1351 4770 omnibus
1371 4673 1422 4761 fit
1445 4735 1459 4777 ,
1489 4702 1538 4763 ut
1560 4681 1806 4765 litteratum

398 4775 608 4865 bonarum
628 4778 741 4868 dotti
764 4784 945 4894 pariter,
971 4782 1022 4869 dt
1042 4781 1208 4874 studiosi
1227 4784 1520 4890 hujuscemodi
1544 4792 1659 4876 Vitis
1676 4791 1808 4901 pluri·

399 4917 524 4975 mum
552 4892 594 4975 se
621 4889 776 4977 debere
799 4893 896 4994 jure
922 4891 1166 4981 fateantur.
1196 4897 1360 4984 Verum
1378 4898 1528 4992 iisdem
1555 4900 1803 4988 litteratum

398 5001 545 5086 studiis
562 5003 750 5090 faventes
770 5031 852 5088 non
870 5004 1007 5091 minus
1025 5002 1204 5112 Iuniano
1229 5007 1384 5095 debere
1403 5011 1666 5100 arbitramur
1686 5068 1702 5118 2
1731 5001 1807 5127 qui

387 5110 446 5224 J&
460 5114 552 5232 ⁴ipset
569 5117 821 5231 tempestate
839 5106 975 5206 nostra
987 5137 1095 5235 ,qua
1114 5118 1321 5211 bonarum
1334 5116 1690 5323 Attiumlludigt,
1710 5125 1812 5254 lratg

1662 5262 1751 5323 ane
