<?xml version="1.0" encoding="UTF-8"?>
<!DOCTYPE html PUBLIC "-//W3C//DTD XHTML 1.0 Transitional//EN"
    "http://www.w3.org/TR/xhtml1/DTD/xhtml1-transitional.dtd">
<html xmlns="http://www.w3.org/1999/xhtml" xml:lang="en" lang="en">
 <head>
  <title>
</title>
<meta http-equiv="Content-Type" content="text/html;charset=utf-8" />
  <meta name='ocr-system' content='tesseract 3.04.00' />
  <meta name='ocr-capabilities' content='ocr_page ocr_carea ocr_par ocr_line ocrx_word'/>
</head>
<body>
  <div class='ocr_page' id='page_1' title='image "./specimenvariael00quirgoog_0092.png"; bbox 0 0 4459 6750; ppageno 0'>
   <div class='ocr_carea' id='block_1_1' title="bbox 471 858 1474 992">
    <p class='ocr_par' dir='ltr' id='par_1_1' title="bbox 471 858 1474 992">
     <span class='ocr_line' id='line_1_1' title="bbox 471 858 1474 992; baseline 0.005 -33"><span class='ocrx_word' id='word_1_1' title='bbox 471 909 535 992; x_wconf 73' lang='lat'>,4</span> <span class='ocrx_word' id='word_1_2' title='bbox 746 858 1474 980; x_wconf 61' lang='lat' dir='ltr'>artarentur</span> 
     </span>
    </p>
   </div>
   <div class='ocr_carea' id='block_1_2' title="bbox 396 993 1823 3657">
    <p class='ocr_par' dir='ltr' id='par_1_2' title="bbox 396 993 1823 3657">
     <span class='ocr_line' id='line_1_2' title="bbox 401 993 1820 1115; baseline -0.009 -21"><span class='ocrx_word' id='word_1_3' title='bbox 401 1009 614 1115; x_wconf 84' lang='lat' dir='ltr'>magisque</span> <span class='ocrx_word' id='word_1_4' title='bbox 633 1003 1048 1113; x_wconf 85' lang='lat' dir='ltr'>mutilatum,quam</span> <span class='ocrx_word' id='word_1_5' title='bbox 1061 1000 1494 1098; x_wconf 84' lang='lat' dir='ltr'>Catullum,inveniri</span> <span class='ocrx_word' id='word_1_6' title='bbox 1516 996 1615 1079; x_wconf 88' lang='lat' dir='ltr'>satis</span> <span class='ocrx_word' id='word_1_7' title='bbox 1635 993 1820 1099; x_wconf 82' lang='lat' dir='ltr'>conslet,</span> 
     </span>
     <span class='ocr_line' id='line_1_3' title="bbox 399 1106 1823 1217; baseline -0.006 -16"><span class='ocrx_word' id='word_1_8' title='bbox 399 1145 446 1201; x_wconf 87' lang='lat' dir='ltr'>ea</span> <span class='ocrx_word' id='word_1_9' title='bbox 467 1140 639 1212; x_wconf 85' lang='lat' dir='ltr'>tamen,</span> <span class='ocrx_word' id='word_1_10' title='bbox 699 1143 762 1196; x_wconf 79' lang='lat' dir='ltr'>uae</span> <span class='ocrx_word' id='word_1_11' title='bbox 780 1141 876 1197; x_wconf 87' lang='lat' dir='ltr'>rum</span> <span class='ocrx_word' id='word_1_12' title='bbox 900 1119 940 1197; x_wconf 91' lang='lat' dir='ltr'>in</span> <span class='ocrx_word' id='word_1_13' title='bbox 958 1114 1255 1207; x_wconf 84' lang='lat' dir='ltr'>emendanda,</span> <span class='ocrx_word' id='word_1_14' title='bbox 1290 1137 1383 1193; x_wconf 88' lang='lat' dir='ltr'>tum</span> <span class='ocrx_word' id='word_1_15' title='bbox 1412 1106 1737 1217; x_wconf 85' lang='lat' dir='ltr'>interpretanda</span> <span class='ocrx_word' id='word_1_16' title='bbox 1763 1109 1823 1192; x_wconf 87' lang='lat' dir='ltr'>le·</span> 
     </span>
     <span class='ocr_line' id='line_1_4' title="bbox 397 1141 1819 1334; baseline -0.008 -23"><span class='ocrx_word' id='word_1_17' title='bbox 397 1227 535 1311; x_wconf 65' lang='lat' dir='ltr'>trione</span> <span class='ocrx_word' id='word_1_18' title='bbox 553 1141 800 1310; x_wconf 53' lang='lat' dir='ltr'>Catulliana</span> <span class='ocrx_word' id='word_1_19' title='bbox 827 1224 1047 1324; x_wconf 76' lang='lat' dir='ltr'>senserim,</span> <span class='ocrx_word' id='word_1_20' title='bbox 1077 1251 1212 1334; x_wconf 86' lang='lat' dir='ltr'>neque</span> <span class='ocrx_word' id='word_1_21' title='bbox 1232 1218 1433 1305; x_wconf 85' lang='lat' dir='ltr'>invidiose</span> <span class='ocrx_word' id='word_1_22' title='bbox 1450 1218 1732 1314; x_wconf 85' lang='lat' dir='ltr'>conticenda,</span> <span class='ocrx_word' id='word_1_23' title='bbox 1752 1246 1819 1301; x_wconf 89' lang='lat' dir='ltr'>ne·</span> 
     </span>
     <span class='ocr_line' id='line_1_5' title="bbox 396 1326 1816 1448; baseline -0.006 -26"><span class='ocrx_word' id='word_1_24' title='bbox 396 1365 483 1448; x_wconf 89' lang='lat' dir='ltr'>que</span> <span class='ocrx_word' id='word_1_25' title='bbox 498 1334 729 1420; x_wconf 81' lang='lat' dir='ltr'>inhumane</span> <span class='ocrx_word' id='word_1_26' title='bbox 745 1335 996 1420; x_wconf 90' lang='lat' dir='ltr'>occultanda</span> <span class='ocrx_word' id='word_1_27' title='bbox 1017 1338 1180 1441; x_wconf 87' lang='lat' dir='ltr'>putari.</span> <span class='ocrx_word' id='word_1_28' title='bbox 1218 1335 1415 1417; x_wconf 84' lang='lat' dir='ltr'>Idunum</span> <span class='ocrx_word' id='word_1_29' title='bbox 1437 1330 1649 1441; x_wconf 76' lang='lat' dir='ltr'>postremo</span> <span class='ocrx_word' id='word_1_30' title='bbox 1659 1326 1816 1413; x_wconf 65' lang='lat' dir='ltr'>Letio-</span> 
     </span>
     <span class='ocr_line' id='line_1_6' title="bbox 402 1442 1815 1552; baseline -0.005 -20"><span class='ocrx_word' id='word_1_31' title='bbox 402 1475 467 1532; x_wconf 83' lang='lat' dir='ltr'>res</span> <span class='ocrx_word' id='word_1_32' title='bbox 490 1448 761 1546; x_wconf 81' lang='lat' dir='ltr'>monuerim,</span> <span class='ocrx_word' id='word_1_33' title='bbox 790 1473 860 1528; x_wconf 89' lang='lat' dir='ltr'>me</span> <span class='ocrx_word' id='word_1_34' title='bbox 878 1445 1044 1529; x_wconf 88' lang='lat' dir='ltr'>Catulli</span> <span class='ocrx_word' id='word_1_35' title='bbox 1063 1445 1270 1529; x_wconf 85' lang='lat' dir='ltr'>Poemata</span> <span class='ocrx_word' id='word_1_36' title='bbox 1299 1447 1339 1526; x_wconf 90' lang='lat' dir='ltr'>in</span> <span class='ocrx_word' id='word_1_37' title='bbox 1360 1445 1461 1525; x_wconf 90' lang='lat' dir='ltr'>locis</span> <span class='ocrx_word' id='word_1_38' title='bbox 1488 1442 1614 1552; x_wconf 88' lang='lat' dir='ltr'>supra</span> <span class='ocrx_word' id='word_1_39' title='bbox 1634 1462 1815 1525; x_wconf 91' lang='lat' dir='ltr'>centum</span> 
     </span>
     <span class='ocr_line' id='line_1_7' title="bbox 402 1549 1815 1667; baseline -0.003 -25"><span class='ocrx_word' id='word_1_40' title='bbox 402 1554 603 1642; x_wconf 91' lang='lat' dir='ltr'>mendosa</span> <span class='ocrx_word' id='word_1_41' title='bbox 626 1555 970 1667; x_wconf 87' lang='lat' dir='ltr'>deprehendisse,</span> <span class='ocrx_word' id='word_1_42' title='bbox 1000 1573 1050 1638; x_wconf 93' lang='lat' dir='ltr'>ut</span> <span class='ocrx_word' id='word_1_43' title='bbox 1070 1554 1329 1639; x_wconf 79' lang='lat' dir='ltr'>verissimum</span> <span class='ocrx_word' id='word_1_44' title='bbox 1356 1574 1561 1662; x_wconf 77' lang='lat' dir='ltr'>appareat</span> <span class='ocrx_word' id='word_1_45' title='bbox 1589 1549 1815 1652; x_wconf 83' lang='lat' dir='ltr'>cujusdam</span> 
     </span>
     <span class='ocr_line' id='line_1_8' title="bbox 401 1660 1812 1767; baseline -0.003 -16"><span class='ocrx_word' id='word_1_46' title='bbox 401 1667 521 1751; x_wconf 84' lang='lat' dir='ltr'>Ciris</span> <span class='ocrx_word' id='word_1_47' title='bbox 538 1665 662 1750; x_wconf 87' lang='lat' dir='ltr'>nostri</span> <span class='ocrx_word' id='word_1_48' title='bbox 681 1668 872 1767; x_wconf 81' lang='lat' dir='ltr'>Graecis,</span> <span class='ocrx_word' id='word_1_49' title='bbox 901 1664 948 1751; x_wconf 76' lang='grc' dir='ltr'>δι</span> <span class='ocrx_word' id='word_1_50' title='bbox 969 1663 1132 1751; x_wconf 84' lang='lat' dir='ltr'>Latinis</span> <span class='ocrx_word' id='word_1_51' title='bbox 1159 1667 1292 1750; x_wconf 83' lang='lat' dir='ltr'>literis</span> <span class='ocrx_word' id='word_1_52' title='bbox 1318 1662 1582 1748; x_wconf 81' lang='lat' dir='ltr'>eruditissimi</span> <span class='ocrx_word' id='word_1_53' title='bbox 1610 1660 1812 1747; x_wconf 66' lang='lat' dir='ltr'>dietum.</span> 
     </span>
     <span class='ocr_line' id='line_1_9' title="bbox 401 1772 1815 1886; baseline -0.001 -25"><span class='ocrx_word' id='word_1_54' title='bbox 401 1776 519 1862; x_wconf 86' lang='lat' dir='ltr'>Cum</span> <span class='ocrx_word' id='word_1_55' title='bbox 533 1776 648 1860; x_wconf 90' lang='lat' dir='ltr'>enim</span> <span class='ocrx_word' id='word_1_56' title='bbox 673 1777 731 1877; x_wconf 82' lang='lat' dir='ltr'>is,</span> <span class='ocrx_word' id='word_1_57' title='bbox 757 1777 879 1873; x_wconf 82' lang='lat' dir='ltr'>cujur</span> <span class='ocrx_word' id='word_1_58' title='bbox 894 1778 1051 1862; x_wconf 85' lang='lat' dir='ltr'>nomini</span> <span class='ocrx_word' id='word_1_59' title='bbox 1071 1775 1239 1861; x_wconf 80' lang='lat' dir='ltr'>honoria</span> <span class='ocrx_word' id='word_1_60' title='bbox 1257 1777 1391 1886; x_wconf 78' lang='lat' dir='ltr'>gratia</span> <span class='ocrx_word' id='word_1_61' title='bbox 1406 1772 1697 1884; x_wconf 90' lang='lat' dir='ltr'>parco,super</span> <span class='ocrx_word' id='word_1_62' title='bbox 1714 1800 1815 1884; x_wconf 81' lang='lat' dir='ltr'>quo</span> 
     </span>
     <span class='ocr_line' id='line_1_10' title="bbox 404 1883 1812 1999; baseline 0 -30"><span class='ocrx_word' id='word_1_63' title='bbox 404 1887 506 1971; x_wconf 90' lang='lat' dir='ltr'>dam</span> <span class='ocrx_word' id='word_1_64' title='bbox 523 1885 688 1970; x_wconf 88' lang='lat' dir='ltr'>Catulli</span> <span class='ocrx_word' id='word_1_65' title='bbox 709 1886 912 1989; x_wconf 87' lang='lat' dir='ltr'>obscuro,</span> <span class='ocrx_word' id='word_1_66' title='bbox 941 1887 1242 1999; x_wconf 85' lang='lat' dir='ltr'>&amp;depravato</span> <span class='ocrx_word' id='word_1_67' title='bbox 1268 1883 1391 1969; x_wconf 88' lang='lat' dir='ltr'>versu</span> <span class='ocrx_word' id='word_1_68' title='bbox 1420 1913 1551 1994; x_wconf 87' lang='lat' dir='ltr'>nuper</span> <span class='ocrx_word' id='word_1_69' title='bbox 1579 1887 1812 1996; x_wconf 80' lang='lat' dir='ltr'>interroga·</span> 
     </span>
     <span class='ocr_line' id='line_1_11' title="bbox 401 1993 1814 2106; baseline 0.001 -27"><span class='ocrx_word' id='word_1_70' title='bbox 401 1996 533 2096; x_wconf 83' lang='lat' dir='ltr'>re&#39;tur,</span> <span class='ocrx_word' id='word_1_71' title='bbox 561 1997 667 2106; x_wconf 90' lang='lat' dir='ltr'>quid</span> <span class='ocrx_word' id='word_1_72' title='bbox 684 1997 890 2098; x_wconf 84' lang='lat' dir='ltr'>sentiret,</span> <span class='ocrx_word' id='word_1_73' title='bbox 916 1997 1053 2080; x_wconf 87' lang='lat' dir='ltr'>fertur</span> <span class='ocrx_word' id='word_1_74' title='bbox 1078 1994 1327 2106; x_wconf 87' lang='lat' dir='ltr'>respondisse</span> <span class='ocrx_word' id='word_1_75' title='bbox 1357 1996 1621 2104; x_wconf 78' lang='lat' dir='ltr'>prudenter,</span> <span class='ocrx_word' id='word_1_76' title='bbox 1651 1993 1697 2077; x_wconf 93' lang='lat' dir='ltr'>se</span> <span class='ocrx_word' id='word_1_77' title='bbox 1722 1998 1814 2080; x_wconf 87' lang='lat' dir='ltr'>nul·</span> 
     </span>
     <span class='ocr_line' id='line_1_12' title="bbox 399 2104 1814 2218; baseline 0 -27"><span class='ocrx_word' id='word_1_78' title='bbox 399 2104 485 2198; x_wconf 78' lang='lat' dir='ltr'>lam</span> <span class='ocrx_word' id='word_1_79' title='bbox 504 2132 561 2189; x_wconf 85' lang='lat' dir='ltr'>ex</span> <span class='ocrx_word' id='word_1_80' title='bbox 588 2127 782 2217; x_wconf 88' lang='lat' dir='ltr'>tempore</span> <span class='ocrx_word' id='word_1_81' title='bbox 811 2109 1016 2192; x_wconf 90' lang='lat' dir='ltr'>daturum</span> <span class='ocrx_word' id='word_1_82' title='bbox 1036 2105 1117 2190; x_wconf 88' lang='lat' dir='ltr'>esse</span> <span class='ocrx_word' id='word_1_83' title='bbox 1134 2104 1437 2218; x_wconf 83' lang='lat' dir='ltr'>responfionem</span> <span class='ocrx_word' id='word_1_84' title='bbox 1458 2162 1471 2202; x_wconf 86' lang='lat'>,</span> <span class='ocrx_word' id='word_1_85' title='bbox 1500 2107 1709 2216; x_wconf 87' lang='lat' dir='ltr'>quoniam</span> <span class='ocrx_word' id='word_1_86' title='bbox 1728 2126 1814 2192; x_wconf 89' lang='lat' dir='ltr'>tan·</span> 
     </span>
     <span class='ocr_line' id='line_1_13' title="bbox 400 2213 1809 2325; baseline 0.003 -28"><span class='ocrx_word' id='word_1_87' title='bbox 400 2235 448 2299; x_wconf 86' lang='lat' dir='ltr'>tn</span> <span class='ocrx_word' id='word_1_88' title='bbox 476 2214 576 2297; x_wconf 86' lang='lat' dir='ltr'>esset</span> <span class='ocrx_word' id='word_1_89' title='bbox 594 2215 828 2303; x_wconf 82' lang='lat' dir='ltr'>Catulliani</span> <span class='ocrx_word' id='word_1_90' title='bbox 855 2219 951 2302; x_wconf 86' lang='lat' dir='ltr'>libri</span> <span class='ocrx_word' id='word_1_91' title='bbox 983 2215 1199 2315; x_wconf 80' lang='lat' dir='ltr'>confusio,</span> <span class='ocrx_word' id='word_1_92' title='bbox 1226 2236 1430 2325; x_wconf 88' lang='lat' dir='ltr'>tantaque</span> <span class='ocrx_word' id='word_1_93' title='bbox 1455 2213 1668 2313; x_wconf 79' lang='lat' dir='ltr'>inversio,</span> <span class='ocrx_word' id='word_1_94' title='bbox 1697 2236 1753 2301; x_wconf 88' lang='lat' dir='ltr'>ut</span> <span class='ocrx_word' id='word_1_95' title='bbox 1781 2216 1809 2301; x_wconf 83' lang='lat' dir='ltr'>fi</span> 
     </span>
     <span class='ocr_line' id='line_1_14' title="bbox 397 2321 1815 2423; baseline 0.004 -16"><span class='ocrx_word' id='word_1_96' title='bbox 397 2323 456 2407; x_wconf 90' lang='lat' dir='ltr'>ab</span> <span class='ocrx_word' id='word_1_97' title='bbox 475 2321 615 2409; x_wconf 87' lang='lat' dir='ltr'>inseris</span> <span class='ocrx_word' id='word_1_98' title='bbox 634 2349 903 2412; x_wconf 88' lang='lat' dir='ltr'>revocaretur</span> <span class='ocrx_word' id='word_1_99' title='bbox 919 2327 1148 2423; x_wconf 77' lang='lat' dir='ltr'>Catullus,</span> <span class='ocrx_word' id='word_1_100' title='bbox 1179 2329 1365 2411; x_wconf 86' lang='lat' dir='ltr'>carmina</span> <span class='ocrx_word' id='word_1_101' title='bbox 1387 2321 1460 2409; x_wconf 85' lang='lat' dir='ltr'>sua</span> <span class='ocrx_word' id='word_1_102' title='bbox 1479 2353 1559 2409; x_wconf 87' lang='lat' dir='ltr'>non</span> <span class='ocrx_word' id='word_1_103' title='bbox 1578 2324 1683 2410; x_wconf 82' lang='lat' dir='ltr'>esset</span> <span class='ocrx_word' id='word_1_104' title='bbox 1702 2356 1730 2413; x_wconf 87' lang='lat' dir='ltr'>a</span> <span class='ocrx_word' id='word_1_105' title='bbox 1761 2331 1815 2412; x_wconf 89' lang='lat' dir='ltr'>ni·</span> 
     </span>
     <span class='ocr_line' id='line_1_15' title="bbox 397 2356 1816 2543; baseline 0.007 -28"><span class='ocrx_word' id='word_1_106' title='bbox 397 2454 549 2517; x_wconf 85' lang='lat' dir='ltr'>turus.</span> <span class='ocrx_word' id='word_1_107' title='bbox 581 2436 672 2543; x_wconf 82' lang='lat' dir='ltr'>Ego</span> <span class='ocrx_word' id='word_1_108' title='bbox 699 2459 845 2522; x_wconf 90' lang='lat' dir='ltr'>autem</span> <span class='ocrx_word' id='word_1_109' title='bbox 874 2439 1037 2522; x_wconf 90' lang='lat' dir='ltr'>collatis</span> <span class='ocrx_word' id='word_1_110' title='bbox 1074 2438 1121 2521; x_wconf 88' lang='lat'>&amp;</span> <span class='ocrx_word' id='word_1_111' title='bbox 1152 2438 1397 2536; x_wconf 79' lang='lat' dir='ltr'>veteribus,</span> <span class='ocrx_word' id='word_1_112' title='bbox 1426 2435 1474 2521; x_wconf 80' lang='lat' dir='ltr'>dt</span> <span class='ocrx_word' id='word_1_113' title='bbox 1506 2356 1816 2525; x_wconf 59' lang='lat' dir='ltr'>recentioribus</span> 
     </span>
     <span class='ocr_line' id='line_1_16' title="bbox 399 2541 1816 2658; baseline 0.001 -25"><span class='ocrx_word' id='word_1_114' title='bbox 399 2541 632 2633; x_wconf 84' lang='lat' dir='ltr'>Catulliani</span> <span class='ocrx_word' id='word_1_115' title='bbox 662 2546 813 2657; x_wconf 83' lang='lat' dir='ltr'>Operis</span> <span class='ocrx_word' id='word_1_116' title='bbox 837 2547 1175 2658; x_wconf 82' lang='lat' dir='ltr'>exemplaribus,</span> <span class='ocrx_word' id='word_1_117' title='bbox 1201 2548 1343 2657; x_wconf 86' lang='lat' dir='ltr'>quoad</span> <span class='ocrx_word' id='word_1_118' title='bbox 1370 2550 1526 2658; x_wconf 88' lang='lat' dir='ltr'>potui,</span> <span class='ocrx_word' id='word_1_119' title='bbox 1555 2548 1631 2631; x_wconf 80' lang='lat' dir='ltr'>etfi</span> <span class='ocrx_word' id='word_1_120' title='bbox 1662 2577 1750 2636; x_wconf 90' lang='lat' dir='ltr'>non</span> <span class='ocrx_word' id='word_1_121' title='bbox 1774 2555 1816 2635; x_wconf 89' lang='lat' dir='ltr'>in</span> 
     </span>
     <span class='ocr_line' id='line_1_17' title="bbox 401 2657 1818 2769; baseline 0.006 -33"><span class='ocrx_word' id='word_1_122' title='bbox 401 2672 562 2753; x_wconf 86' lang='lat' dir='ltr'>totum,</span> <span class='ocrx_word' id='word_1_123' title='bbox 590 2661 780 2742; x_wconf 87' lang='lat' dir='ltr'>maxima</span> <span class='ocrx_word' id='word_1_124' title='bbox 798 2681 941 2744; x_wconf 88' lang='lat' dir='ltr'>tamen</span> <span class='ocrx_word' id='word_1_125' title='bbox 958 2687 1011 2742; x_wconf 83' lang='lat' dir='ltr'>ex</span> <span class='ocrx_word' id='word_1_126' title='bbox 1034 2681 1169 2769; x_wconf 88' lang='lat' dir='ltr'>parte,</span> <span class='ocrx_word' id='word_1_127' title='bbox 1199 2658 1433 2768; x_wconf 84' lang='lat' dir='ltr'>lepidissimi</span> <span class='ocrx_word' id='word_1_128' title='bbox 1454 2657 1818 2747; x_wconf 74' lang='lat' dir='ltr'>PoetaeCarmiua</span> 
     </span>
     <span class='ocr_line' id='line_1_18' title="bbox 401 2765 1820 2879; baseline 0.008 -33"><span class='ocrx_word' id='word_1_129' title='bbox 401 2789 429 2846; x_wconf 92' lang='lat' dir='ltr'>a</span> <span class='ocrx_word' id='word_1_130' title='bbox 456 2788 547 2846; x_wconf 90' lang='lat' dir='ltr'>tam</span> <span class='ocrx_word' id='word_1_131' title='bbox 575 2765 743 2852; x_wconf 90' lang='lat' dir='ltr'>sordido</span> <span class='ocrx_word' id='word_1_132' title='bbox 759 2766 840 2852; x_wconf 88' lang='lat' dir='ltr'>srtu</span> <span class='ocrx_word' id='word_1_133' title='bbox 868 2773 1080 2867; x_wconf 82' lang='lat' dir='ltr'>excitare,</span> <span class='ocrx_word' id='word_1_134' title='bbox 1105 2792 1237 2879; x_wconf 90' lang='lat' dir='ltr'>atque</span> <span class='ocrx_word' id='word_1_135' title='bbox 1256 2774 1384 2854; x_wconf 90' lang='lat' dir='ltr'>tantis</span> <span class='ocrx_word' id='word_1_136' title='bbox 1413 2769 1469 2854; x_wconf 96' lang='lat' dir='ltr'>ab</span> <span class='ocrx_word' id='word_1_137' title='bbox 1485 2768 1650 2869; x_wconf 73' lang='lat' dir='ltr'>injuriis</span> <span class='ocrx_word' id='word_1_138' title='bbox 1677 2798 1820 2859; x_wconf 80' lang='lat' dir='ltr'>extra·</span> 
     </span>
     <span class='ocr_line' id='line_1_19' title="bbox 402 2870 1820 2981; baseline 0.015 -32"><span class='ocrx_word' id='word_1_139' title='bbox 402 2870 528 2968; x_wconf 88' lang='lat' dir='ltr'>here,</span> <span class='ocrx_word' id='word_1_140' title='bbox 556 2875 797 2975; x_wconf 86' lang='lat' dir='ltr'>vendicare,</span> <span class='ocrx_word' id='word_1_141' title='bbox 826 2881 937 2962; x_wconf 89' lang='lat' dir='ltr'>tueri</span> <span class='ocrx_word' id='word_1_142' title='bbox 959 2880 1053 2962; x_wconf 90' lang='lat' dir='ltr'>sum</span> <span class='ocrx_word' id='word_1_143' title='bbox 1071 2902 1273 2963; x_wconf 82' lang='lat' dir='ltr'>conatur.</span> <span class='ocrx_word' id='word_1_144' title='bbox 1303 2878 1522 2965; x_wconf 86' lang='lat' dir='ltr'>Nonnulla</span> <span class='ocrx_word' id='word_1_145' title='bbox 1541 2904 1820 2981; x_wconf 87' lang='lat' dir='ltr'>tamen,con·</span> 
     </span>
     <span class='ocr_line' id='line_1_20' title="bbox 404 2976 1821 3106; baseline 0.013 -46"><span class='ocrx_word' id='word_1_146' title='bbox 404 2976 531 3106; x_wconf 80' lang='lat' dir='ltr'>fiteor</span> <span class='ocrx_word' id='word_1_147' title='bbox 546 2979 627 3064; x_wconf 86' lang='lat' dir='ltr'>elle</span> <span class='ocrx_word' id='word_1_148' title='bbox 644 2984 761 3077; x_wconf 76' lang='lat' dir='ltr'>loca,</span> <span class='ocrx_word' id='word_1_149' title='bbox 790 2987 843 3069; x_wconf 92' lang='lat' dir='ltr'>de</span> <span class='ocrx_word' id='word_1_150' title='bbox 860 2988 1013 3097; x_wconf 81' lang='lat' dir='ltr'>quibua</span> <span class='ocrx_word' id='word_1_151' title='bbox 1030 2989 1172 3074; x_wconf 88' lang='lat' dir='ltr'>adlruc</span> <span class='ocrx_word' id='word_1_152' title='bbox 1192 2990 1315 3073; x_wconf 86' lang='lat' dir='ltr'>valde</span> <span class='ocrx_word' id='word_1_153' title='bbox 1339 2991 1615 3103; x_wconf 85' lang='lat' dir='ltr'>quaerendum</span> <span class='ocrx_word' id='word_1_154' title='bbox 1640 2994 1726 3077; x_wconf 86' lang='lat' dir='ltr'>esse</span> <span class='ocrx_word' id='word_1_155' title='bbox 1755 3025 1821 3082; x_wconf 88' lang='lat' dir='ltr'>ar·</span> 
     </span>
     <span class='ocr_line' id='line_1_21' title="bbox 405 3086 1822 3214; baseline 0.016 -44"><span class='ocrx_word' id='word_1_156' title='bbox 405 3086 567 3186; x_wconf 80' lang='lat' dir='ltr'>bitror,</span> <span class='ocrx_word' id='word_1_157' title='bbox 595 3114 644 3176; x_wconf 91' lang='lat' dir='ltr'>ut</span> <span class='ocrx_word' id='word_1_158' title='bbox 670 3094 953 3202; x_wconf 57' lang='lat' dir='ltr'>Salipentiurm</span> <span class='ocrx_word' id='word_1_159' title='bbox 979 3098 1063 3183; x_wconf 85' lang='lat' dir='ltr'>five</span> <span class='ocrx_word' id='word_1_160' title='bbox 1089 3099 1352 3205; x_wconf 82' lang='lat' dir='ltr'>Soloprchynm</span> <span class='ocrx_word' id='word_1_161' title='bbox 1378 3099 1594 3214; x_wconf 70' lang='lat' dir='ltr'>disertam,</span> <span class='ocrx_word' id='word_1_162' title='bbox 1618 3107 1667 3193; x_wconf 76' lang='grc' dir='ltr'>ἀ</span> <span class='ocrx_word' id='word_1_163' title='bbox 1703 3106 1822 3193; x_wconf 86' lang='lat' dir='ltr'>bona</span> 
     </span>
     <span class='ocr_line' id='line_1_22' title="bbox 406 3199 1819 3322; baseline 0.016 -41"><span class='ocrx_word' id='word_1_164' title='bbox 406 3225 502 3307; x_wconf 87' lang='lat' dir='ltr'>pars</span> <span class='ocrx_word' id='word_1_165' title='bbox 523 3199 854 3312; x_wconf 82' lang='lat' dir='ltr'>Epigrammatis</span> <span class='ocrx_word' id='word_1_166' title='bbox 870 3212 912 3293; x_wconf 90' lang='lat' dir='ltr'>in</span> <span class='ocrx_word' id='word_1_167' title='bbox 931 3207 1162 3320; x_wconf 86' lang='lat' dir='ltr'>Egnatium</span> <span class='ocrx_word' id='word_1_168' title='bbox 1181 3212 1439 3322; x_wconf 88' lang='lat' dir='ltr'>intercepta,</span> <span class='ocrx_word' id='word_1_169' title='bbox 1467 3211 1515 3297; x_wconf 71' lang='grc' dir='ltr'>ἃ</span> <span class='ocrx_word' id='word_1_170' title='bbox 1531 3212 1654 3297; x_wconf 87' lang='lat' dir='ltr'>illud:</span> <span class='ocrx_word' id='word_1_171' title='bbox 1685 3215 1819 3302; x_wconf 77' lang='lat' dir='ltr'>idme·</span> 
     </span>
     <span class='ocr_line' id='line_1_23' title="bbox 399 3321 1823 3438; baseline 0.016 -47"><span class='ocrx_word' id='word_1_172' title='bbox 399 3337 485 3394; x_wconf 80' lang='lat' dir='ltr'>neor</span> <span class='ocrx_word' id='word_1_173' title='bbox 511 3340 560 3395; x_wconf 83' lang='lat' dir='ltr'>ne</span> <span class='ocrx_word' id='word_1_174' title='bbox 582 3336 715 3416; x_wconf 77' lang='lat' dir='ltr'>petam</span> <span class='ocrx_word' id='word_1_175' title='bbox 731 3342 898 3420; x_wconf 80' lang='lat' dir='ltr'>montes,</span> <span class='ocrx_word' id='word_1_176' title='bbox 932 3341 1026 3403; x_wconf 91' lang='lat' dir='ltr'>tum</span> <span class='ocrx_word' id='word_1_177' title='bbox 1050 3331 1220 3430; x_wconf 65' lang='lat' dir='ltr'>Peneum</span> <span class='ocrx_word' id='word_1_178' title='bbox 1244 3346 1358 3429; x_wconf 78' lang='lat' dir='ltr'>propr</span> <span class='ocrx_word' id='word_1_179' title='bbox 1372 3325 1612 3428; x_wconf 62' lang='lat' dir='ltr'>cyllenen,</span> <span class='ocrx_word' id='word_1_180' title='bbox 1637 3321 1823 3438; x_wconf 79' lang='lat' dir='ltr'>&amp;quat-</span> 
     </span>
     <span class='ocr_line' id='line_1_24' title="bbox 403 3422 1821 3547; baseline 0.016 -47"><span class='ocrx_word' id='word_1_181' title='bbox 403 3422 505 3501; x_wconf 90' lang='lat' dir='ltr'>dam</span> <span class='ocrx_word' id='word_1_182' title='bbox 528 3424 610 3505; x_wconf 89' lang='lat' dir='ltr'>alia</span> <span class='ocrx_word' id='word_1_183' title='bbox 632 3454 787 3531; x_wconf 88' lang='lat' dir='ltr'>pauca,</span> <span class='ocrx_word' id='word_1_184' title='bbox 815 3432 870 3515; x_wconf 92' lang='lat' dir='ltr'>de</span> <span class='ocrx_word' id='word_1_185' title='bbox 886 3432 1040 3540; x_wconf 88' lang='lat' dir='ltr'>quibus</span> <span class='ocrx_word' id='word_1_186' title='bbox 1058 3460 1135 3538; x_wconf 82' lang='lat' dir='ltr'>ego</span> <span class='ocrx_word' id='word_1_187' title='bbox 1154 3433 1427 3518; x_wconf 86' lang='lat' dir='ltr'>nihilominus</span> <span class='ocrx_word' id='word_1_188' title='bbox 1458 3433 1698 3547; x_wconf 76' lang='lat' dir='ltr'>probabiles</span> <span class='ocrx_word' id='word_1_189' title='bbox 1725 3497 1740 3536; x_wconf 90' lang='lat'>,</span> <span class='ocrx_word' id='word_1_190' title='bbox 1771 3463 1821 3525; x_wconf 87' lang='lat' dir='ltr'>ut</span> 
     </span>
     <span class='ocr_line' id='line_1_25' title="bbox 402 3532 1821 3657; baseline 0.018 -49"><span class='ocrx_word' id='word_1_191' title='bbox 402 3532 581 3633; x_wconf 90' lang='lat' dir='ltr'>opinor,</span> <span class='ocrx_word' id='word_1_192' title='bbox 612 3537 742 3616; x_wconf 88' lang='lat' dir='ltr'>attuli</span> <span class='ocrx_word' id='word_1_193' title='bbox 770 3538 1025 3633; x_wconf 85' lang='lat' dir='ltr'>sententias,</span> <span class='ocrx_word' id='word_1_194' title='bbox 1054 3565 1102 3620; x_wconf 90' lang='lat' dir='ltr'>ut</span> <span class='ocrx_word' id='word_1_195' title='bbox 1135 3540 1427 3630; x_wconf 74' lang='lat' dir='ltr'>aLeetorrbus</span> <span class='ocrx_word' id='word_1_196' title='bbox 1455 3547 1624 3657; x_wconf 88' lang='lat' dir='ltr'>sperem</span> <span class='ocrx_word' id='word_1_197' title='bbox 1644 3606 1664 3646; x_wconf 75' lang='lat'>,</span> <span class='ocrx_word' id='word_1_198' title='bbox 1687 3577 1764 3633; x_wconf 89' lang='lat' dir='ltr'>me</span> <span class='ocrx_word' id='word_1_199' title='bbox 1794 3552 1821 3635; x_wconf 78' lang='lat' dir='ltr'>fi</span> 
     </span>
    </p>
   </div>
   <div class='ocr_carea' id='block_1_3' title="bbox 403 3642 1821 3837">
    <p class='ocr_par' dir='ltr' id='par_1_3' title="bbox 403 3642 1821 3837">
     <span class='ocr_line' id='line_1_26' title="bbox 403 3642 1821 3836; baseline 0.023 -120"><span class='ocrx_word' id='word_1_200' title='bbox 403 3662 486 3824; x_wconf 45' lang='lat' dir='ltr'>pon</span> <span class='ocrx_word' id='word_1_201' title='bbox 503 3663 702 3824; x_wconf 63' lang='lat' dir='ltr'>magnam</span> <span class='ocrx_word' id='word_1_202' title='bbox 720 3642 914 3836; x_wconf 44' lang='lat' dir='ltr'>isidem</span> <span class='ocrx_word' id='word_1_203' title='bbox 929 3647 1083 3731; x_wconf 88' lang='lat' dir='ltr'>bonam</span> <span class='ocrx_word' id='word_1_204' title='bbox 1101 3670 1245 3734; x_wconf 89' lang='lat' dir='ltr'>tamen</span> <span class='ocrx_word' id='word_1_205' title='bbox 1256 3652 1406 3755; x_wconf 83' lang='lat' dir='ltr'>judicii</span> <span class='ocrx_word' id='word_1_206' title='bbox 1426 3662 1511 3743; x_wconf 85' lang='lat' dir='ltr'>mei</span> <span class='ocrx_word' id='word_1_207' title='bbox 1531 3659 1707 3744; x_wconf 82' lang='lat' dir='ltr'>veniam</span> <span class='ocrx_word' id='word_1_208' title='bbox 1726 3692 1821 3747; x_wconf 84' lang='lat' dir='ltr'>con·</span> 
     </span>
     <span class='ocr_line' id='line_1_27' title="bbox 421 3768 847 3837; baseline 0.031 -15"><span class='ocrx_word' id='word_1_209' title='bbox 421 3768 500 3824; x_wconf 89' lang='lat' dir='ltr'>ecu</span> <span class='ocrx_word' id='word_1_210' title='bbox 525 3769 651 3828; x_wconf 90' lang='lat' dir='ltr'>urum</span> <span class='ocrx_word' id='word_1_211' title='bbox 669 3784 690 3829; x_wconf 91' lang='lat'>·.</span> <span class='ocrx_word' id='word_1_212' title='bbox 806 3780 847 3837; x_wconf 92' lang='lat' dir='ltr'>e.</span> 
     </span>
    </p>
   </div>
   <div class='ocr_carea' id='block_1_4' title="bbox 403 3897 1815 4441">
    <p class='ocr_par' dir='ltr' id='par_1_4' title="bbox 403 3897 1815 4441">
     <span class='ocr_line' id='line_1_28' title="bbox 478 3897 1813 4063; baseline 0.028 -70"><span class='ocrx_word' id='word_1_213' title='bbox 478 3900 555 4021; x_wconf 86' lang='lat' dir='ltr'>Ad</span> <span class='ocrx_word' id='word_1_214' title='bbox 574 3897 746 4002; x_wconf 87' lang='lat' dir='ltr'>calcem</span> <span class='ocrx_word' id='word_1_215' title='bbox 773 3908 1043 4014; x_wconf 86' lang='lat' dir='ltr'>Voluminis</span> <span class='ocrx_word' id='word_1_216' title='bbox 1065 3918 1332 4020; x_wconf 87' lang='lat' dir='ltr'>Parthenius</span> <span class='ocrx_word' id='word_1_217' title='bbox 1363 3963 1548 4063; x_wconf 84' lang='lat' dir='ltr'>aequurn</span> <span class='ocrx_word' id='word_1_218' title='bbox 1566 3935 1813 4030; x_wconf 72' lang='lat' dir='ltr'>Lestotem</span> 
     </span>
     <span class='ocr_line' id='line_1_29' title="bbox 403 4038 1815 4195; baseline 0.024 -61"><span class='ocrx_word' id='word_1_219' title='bbox 403 4074 557 4138; x_wconf 86' lang='lat' dir='ltr'>exorat</span> <span class='ocrx_word' id='word_1_220' title='bbox 574 4078 632 4139; x_wconf 90' lang='lat' dir='ltr'>ne</span> <span class='ocrx_word' id='word_1_221' title='bbox 651 4038 735 4142; x_wconf 89' lang='lat' dir='ltr'>srbi</span> <span class='ocrx_word' id='word_1_222' title='bbox 758 4056 873 4148; x_wconf 87' lang='lat' dir='ltr'>vitio</span> <span class='ocrx_word' id='word_1_223' title='bbox 892 4053 994 4171; x_wconf 91' lang='lat' dir='ltr'>det,</span> <span class='ocrx_word' id='word_1_224' title='bbox 1032 4049 1066 4152; x_wconf 88' lang='lat' dir='ltr'>sr</span> <span class='ocrx_word' id='word_1_225' title='bbox 1093 4060 1207 4195; x_wconf 89' lang='lat' dir='ltr'>quid</span> <span class='ocrx_word' id='word_1_226' title='bbox 1235 4057 1527 4166; x_wconf 87' lang='lat' dir='ltr'>necessarium</span> <span class='ocrx_word' id='word_1_227' title='bbox 1552 4063 1612 4168; x_wconf 89' lang='lat' dir='ltr'>ad</span> <span class='ocrx_word' id='word_1_228' title='bbox 1633 4067 1815 4171; x_wconf 88' lang='lat' dir='ltr'>Catulli</span> 
     </span>
     <span class='ocr_line' id='line_1_30' title="bbox 405 4168 1815 4441; baseline 0.028 -171"><span class='ocrx_word' id='word_1_229' title='bbox 405 4168 474 4271; x_wconf 87' lang='lat' dir='ltr'>sui</span> <span class='ocrx_word' id='word_1_230' title='bbox 497 4175 851 4286; x_wconf 88' lang='lat' dir='ltr'>illustrationem</span> <span class='ocrx_word' id='word_1_231' title='bbox 881 4189 953 4291; x_wconf 87' lang='lat' dir='ltr'>vel</span> <span class='ocrx_word' id='word_1_232' title='bbox 986 4196 1343 4330; x_wconf 77' lang='lat' dir='ltr'>praetermiserit,</span> <span class='ocrx_word' id='word_1_233' title='bbox 1380 4201 1450 4301; x_wconf 89' lang='lat' dir='ltr'>vel</span> <span class='ocrx_word' id='word_1_234' title='bbox 1473 4214 1766 4441; x_wconf 43' lang='lat' dir='ltr'>ifnorauetit</span> <span class='ocrx_word' id='word_1_235' title='bbox 1798 4285 1815 4328; x_wconf 90' lang='lat'>,</span> 
     </span>
    </p>
   </div>
   <div class='ocr_carea' id='block_1_5' title="bbox 392 4312 1815 5240">
    <p class='ocr_par' dir='ltr' id='par_1_5' title="bbox 392 4312 1815 5240">
     <span class='ocr_line' id='line_1_31' title="bbox 398 4312 1815 4484; baseline 0.031 -80"><span class='ocrx_word' id='word_1_236' title='bbox 398 4312 544 4450; x_wconf 66' lang='lat' dir='ltr'>&#39;idque</span> <span class='ocrx_word' id='word_1_237' title='bbox 562 4313 744 4417; x_wconf 75' lang='lat' dir='ltr'>-sadium</span> <span class='ocrx_word' id='word_1_238' title='bbox 770 4325 908 4444; x_wconf 82' lang='lat' dir='ltr'>dicit,</span> <span class='ocrx_word' id='word_1_239' title='bbox 943 4341 1200 4433; x_wconf 85' lang='lat' dir='ltr'>amicorum</span> <span class='ocrx_word' id='word_1_240' title='bbox 1223 4334 1410 4439; x_wconf 89' lang='lat' dir='ltr'>suorum</span> <span class='ocrx_word' id='word_1_241' title='bbox 1432 4380 1487 4441; x_wconf 90' lang='lat' dir='ltr'>cu</span> <span class='ocrx_word' id='word_1_242' title='bbox 1511 4379 1595 4484; x_wconf 83' lang='lat' dir='ltr'>pa,</span> <span class='ocrx_word' id='word_1_243' title='bbox 1626 4356 1718 4483; x_wconf 90' lang='lat' dir='ltr'>qui</span> <span class='ocrx_word' id='word_1_244' title='bbox 1745 4358 1815 4447; x_wconf 81' lang='lat' dir='ltr'>ni·</span> 
     </span>
     <span class='ocr_line' id='line_1_32' title="bbox 392 4454 1814 4619; baseline 0.033 -77"><span class='ocrx_word' id='word_1_245' title='bbox 392 4454 501 4583; x_wconf 61' lang='lat' dir='ltr'>¹mis</span> <span class='ocrx_word' id='word_1_246' title='bbox 525 4457 687 4595; x_wconf 87' lang='lat' dir='ltr'>cupide</span> <span class='ocrx_word' id='word_1_247' title='bbox 705 4457 873 4562; x_wconf 91' lang='lat' dir='ltr'>honori</span> <span class='ocrx_word' id='word_1_248' title='bbox 892 4480 986 4591; x_wconf 85' lang='lat' dir='ltr'>ejus</span> <span class='ocrx_word' id='word_1_249' title='bbox 1021 4472 1251 4573; x_wconf 84' lang='lat' dir='ltr'>studentes</span> <span class='ocrx_word' id='word_1_250' title='bbox 1284 4486 1483 4580; x_wconf 87' lang='lat' dir='ltr'>minime</span> <span class='ocrx_word' id='word_1_251' title='bbox 1519 4479 1627 4619; x_wconf 86' lang='lat' dir='ltr'>paffi</span> <span class='ocrx_word' id='word_1_252' title='bbox 1653 4481 1767 4587; x_wconf 85' lang='lat' dir='ltr'>sunt</span> <span class='ocrx_word' id='word_1_253' title='bbox 1799 4561 1814 4605; x_wconf 86' lang='lat'>,</span> 
     </span>
     <span class='ocr_line' id='line_1_33' title="bbox 407 4581 1814 4755; baseline 0.031 -73"><span class='ocrx_word' id='word_1_254' title='bbox 407 4621 463 4684; x_wconf 90' lang='lat' dir='ltr'>ut</span> <span class='ocrx_word' id='word_1_255' title='bbox 487 4581 565 4687; x_wconf 85' lang='lat' dir='ltr'>sua</span> <span class='ocrx_word' id='word_1_256' title='bbox 580 4603 748 4731; x_wconf 84' lang='lat' dir='ltr'>Scripta</span> <span class='ocrx_word' id='word_1_257' title='bbox 773 4640 955 4703; x_wconf 90' lang='lat' dir='ltr'>nonum</span> <span class='ocrx_word' id='word_1_258' title='bbox 982 4616 1032 4705; x_wconf 93' lang='lat' dir='ltr'>in</span> <span class='ocrx_word' id='word_1_259' title='bbox 1058 4650 1236 4718; x_wconf 86' lang='lat' dir='ltr'>annum</span> <span class='ocrx_word' id='word_1_260' title='bbox 1263 4629 1607 4755; x_wconf 85' lang='lat' dir='ltr'>comprimeret.</span> <span class='ocrx_word' id='word_1_261' title='bbox 1647 4621 1814 4726; x_wconf 85' lang='lat' dir='ltr'>Aliam</span> 
     </span>
     <span class='ocr_line' id='line_1_34' title="bbox 401 4736 1814 4899; baseline 0.033 -80"><span class='ocrx_word' id='word_1_262' title='bbox 401 4759 613 4859; x_wconf 76' lang='lat' dir='ltr'>praterea</span> <span class='ocrx_word' id='word_1_263' title='bbox 645 4737 770 4835; x_wconf 88' lang='lat' dir='ltr'>addit</span> <span class='ocrx_word' id='word_1_264' title='bbox 804 4736 1024 4844; x_wconf 77' lang='lat' dir='ltr'>festinata</span> <span class='ocrx_word' id='word_1_265' title='bbox 1054 4751 1283 4850; x_wconf 88' lang='lat' dir='ltr'>Editionis</span> <span class='ocrx_word' id='word_1_266' title='bbox 1309 4752 1522 4879; x_wconf 85' lang='lat' dir='ltr'>causam,</span> <span class='ocrx_word' id='word_1_267' title='bbox 1558 4765 1695 4899; x_wconf 89' lang='lat' dir='ltr'>qnod</span> <span class='ocrx_word' id='word_1_268' title='bbox 1734 4760 1814 4864; x_wconf 86' lang='lat' dir='ltr'>sci-</span> 
     </span>
     <span class='ocr_line' id='line_1_35' title="bbox 401 4859 1811 5044; baseline 0.033 -85"><span class='ocrx_word' id='word_1_269' title='bbox 401 4859 508 5027; x_wconf 77' lang='lat' dir='ltr'>licet</span> <span class='ocrx_word' id='word_1_270' title='bbox 529 4865 743 4972; x_wconf 90' lang='lat' dir='ltr'>homines</span> <span class='ocrx_word' id='word_1_271' title='bbox 766 4880 959 5015; x_wconf 88' lang='lat' dir='ltr'>quidam</span> <span class='ocrx_word' id='word_1_272' title='bbox 980 4886 1152 5004; x_wconf 87' lang='lat' dir='ltr'>invidi,</span> <span class='ocrx_word' id='word_1_273' title='bbox 1187 4898 1505 4995; x_wconf 83' lang='lat' dir='ltr'>Enarrationes</span> <span class='ocrx_word' id='word_1_274' title='bbox 1531 4894 1666 5021; x_wconf 78' lang='lat' dir='ltr'>suaa,</span> <span class='ocrx_word' id='word_1_275' title='bbox 1692 4941 1811 5044; x_wconf 82' lang='lat' dir='ltr'>quas</span> 
     </span>
     <span class='ocr_line' id='line_1_36' title="bbox 401 5000 1808 5240; baseline 0.032 -141"><span class='ocrx_word' id='word_1_276' title='bbox 401 5000 636 5240; x_wconf 46' lang='lat' dir='ltr'>drsciffmlis</span> <span class='ocrx_word' id='word_1_277' title='bbox 654 5012 905 5136; x_wconf 75' lang='lat' dir='ltr'>didiaverat</span> <span class='ocrx_word' id='word_1_278' title='bbox 919 5034 1038 5147; x_wconf 87' lang='lat' dir='ltr'>,jam</span> <span class='ocrx_word' id='word_1_279' title='bbox 1051 5037 1194 5162; x_wconf 87' lang='lat' dir='ltr'>parati</span> <span class='ocrx_word' id='word_1_280' title='bbox 1214 5026 1350 5132; x_wconf 81' lang='lat' dir='ltr'>essent</span> <span class='ocrx_word' id='word_1_281' title='bbox 1372 5030 1465 5134; x_wconf 82' lang='lat' dir='ltr'>stne</span> <span class='ocrx_word' id='word_1_282' title='bbox 1482 5049 1579 5162; x_wconf 85' lang='lat' dir='ltr'>ejus</span> <span class='ocrx_word' id='word_1_283' title='bbox 1601 5053 1808 5143; x_wconf 84' lang='lat' dir='ltr'>nornine</span> 
     </span>
    </p>
   </div>
   <div class='ocr_carea' id='block_1_6' title="bbox 412 5165 1744 5283">
    <p class='ocr_par' dir='ltr' id='par_1_6' title="bbox 412 5165 1744 5283">
     <span class='ocr_line' id='line_1_37' title="bbox 412 5165 1744 5283; baseline 0.031 -43"><span class='ocrx_word' id='word_1_284' title='bbox 412 5176 496 5241; x_wconf 81' lang='lat' dir='ltr'>evu</span> <span class='ocrx_word' id='word_1_285' title='bbox 515 5181 647 5283; x_wconf 86' lang='lat' dir='ltr'>gare.</span> <span class='ocrx_word' id='word_1_286' title='bbox 1629 5165 1635 5176; x_wconf 45' lang='lat'><strong>⁹</strong></span> <span class='ocrx_word' id='word_1_287' title='bbox 1666 5177 1744 5280; x_wconf 76' lang='lat' dir='ltr'>En</span> 
     </span>
    </p>
   </div>
   <div class='ocr_carea' id='block_1_7' title="bbox 0 0 2234 6740">
    <p class='ocr_par' dir='ltr' id='par_1_7' title="bbox 0 0 2234 6740">
     <span class='ocr_line' id='line_1_38' title="bbox 0 0 2234 6740; baseline 0 0"><span class='ocrx_word' id='word_1_288' title='bbox 0 0 2234 6740; x_wconf 95' lang='lat' dir='ltr'> </span> 
     </span>
    </p>
   </div>
  </div>
 </body>
</html>
