4459 6750
754 849 1423 980 JCATULLU&
1677 866 1805 982 &⁴

404 988 544 1094 aiunt)
570 988 825 1100 plerumque
853 978 914 1073 im
946 990 1123 1092 uleram,
1145 985 1201 1074 fin
1231 985 1347 1073 ulari-
1367 986 1636 1087 humanitate
1654 997 1728 1093 sua
1748 998 1820 1091 de.

405 1106 644 1197 dicaverat,
674 1126 778 1183 neve
807 1016 1037 1189 meniruos
1054 1101 1151 1186 'illos
1171 1097 1214 1193 la.
1271 1123 1334 1185 res
1352 1095 1434 1199 (fic
1453 1100 1568 1193 enim
1591 1129 1661 1189 eos
1678 1111 1820 1218 appel.

403 1213 549 1314 labar)
577 1207 770 1308 ederem,
789 1209 883 1296 “una
901 1213 1033 1296 etiam
1052 1210 1318 1313 injunxerat,
1345 1207 1603 1296 confiderans
1622 1241 1819 1322 mecum,

432 1326 613 1409 uantum
632 1315 823 1406 studiosis
850 1318 1072 1421 omnibus,
1099 1320 1324 1434 gloriasque
1342 1318 1814 1428 Catulliconlulererm

400 1349 436 1519 i.
459 1436 502 1519 in
532 1432 751 1544 publicum
779 1432 1034 1544 quandoque
1070 1433 1410 1532 emitterentur,
1451 1433 1588 1520 malui
1617 1438 1816 1525 amicitiae

401 1544 555 1630 nostrat
571 1544 795 1630 discrimen
814 1541 978 1646 subite,
1007 1543 1387 1745 praevaricatoriae
1406 1543 1541 1631 videri
1563 1597 1579 1645 ,
1603 1570 1735 1655 quam
1764 1576 1814 1633 ea

403 1657 514 1740 intra
534 1654 682 1741 scrinia
700 1656 913 1749 continens
932 1651 1198 1752 ‚Catullum
1217 1653 1281 1741 ita
1342 1655 1564 1756 cutierat,
1592 1655 1818 1759 scabrum,

403 1765 654 1878 semumque
674 1769 784 1853 intra
813 1763 1098 1850 studiosorum
1118 1776 1266 1850 manus
1294 1765 1551 1876 relinquere3
1574 1792 1679 1854 eum
1707 1795 1809 1878 prro

402 1875 550 1962 sertim
572 1879 824 1981 Hieronymi
841 1879 973 1962 eriam
993 1877 1233 1989 gloriaenon
1252 1902 1404 1987 parum
1423 1873 1739 1973 consultumiri
1758 1879 1819 1963 vi·

404 1987 551 2074 dislem
599 1990 734 2090 (haec
774 1989 886 2069 enim
917 1987 994 2071 scri
1027 2007 1073 2071 ta
1100 1985 1307 2073 Leonicus
1335 1985 1564 2072 Patavinus
1593 1987 1818 2091 ,lacobus

403 2096 561 2181 Comes
581 2096 778 2200 Juliarius
792 2016 1057 2196 Veronensis,
1071 2097 1271 2198 Aurelius
1286 2095 1586 2197 Ariminensis‚
1606 2098 1819 2210 Calphur·

404 2209 496 2292 nius
518 2207 889 2310 Brixienfis,nulla
908 2236 987 2293 non
1004 2208 1131 2292 laude
1151 2206 1510 2315 majores2sedu10
1530 2210 1816 2321 perlegerunt,

403 2344 451 2402 ac
481 2321 588 2403 mire
618 2318 1008 2420 commendarunt)
1038 2345 1137 2402 cum
1167 2337 1218 2402 ut
1238 2320 1389 2430 ingenii
1410 2319 1534 2430 ipsius
1554 2320 1815 2421 dexteritas,

404 2427 585 2540 talisque
614 2433 656 2514 in
672 2433 813 2515 civem
838 2427 963 2515 suum
985 2430 1118 2534 pietas
1133 2428 1267 2538 ¹vulgo
1286 2429 1571 2515 studiosorum
1589 2430 1818 2515 innotesce·

404 2561 502 2638 ret,
532 2544 676 2650 utqui
706 2542 760 2624 de
788 2545 831 2623 se
859 2538 1078 2650 complura
1109 2541 1226 2638 alia,
1257 2540 1538 2651 praeclaraque
1568 2540 1815 2626 testimonia

395 2651 671 2735 concionibus
691 2651 869 2760 publicis
899 2647 1182 2758 praestiterat,
1211 2668 1421 2760 quantum
1447 2652 1578 2735 eriam
1595 2650 1681 2737 'hoc
1699 2679 1819 2763 gene·

402 2786 448 2842 re
478 2760 622 2872 scripti
682 2764 853 2858 rastet,
883 2779 979 2845 turn
1006 2761 1139 2845 etiam
1168 2759 1341 2871 qualem
1372 2760 1424 2842 de
1454 2759 1496 2842 se
1516 2762 1633 2871 spem
1663 2765 1705 2845 in
1724 2763 1819 2844 reli·

402 2897 538 2982 quum
560 2790 844 2982 prurientis
864 2870 998 2955 veluti
1023 2871 1221 2954 laborum
1240 2870 1413 2955 suorum
1435 2871 1659 2981 primitiis,
1676 2871 1821 2956 decla»

403 2983 489 3066 rari
520 2982 668 3092 possit.
708 2981 800 3067 Has
819 2982 971 3092 itaque,
991 2979 1308 3080 emendationes
1326 2980 1716 3087 Catullianaslaetis
1734 2981 1820 3065 ani·

398 3095 509 3192 mis,
538 3089 713 3192 Iuvenes
737 3091 1041 3190 studiofiffimi,
1067 3093 1412 3203 accipite‚atque
1432 3090 1659 3178 Catullum
1678 3092 1819 3204 ipsum

401 3205 465 3287 ita
495 3203 614 3285 vobis
634 3201 883 3286 restitutum
902 3192 979 3283 tali
1000 3202 1196 3310 deinceps
1215 3228 1340 3298 cura,
1370 3201 1673 3309 diligentiaque
1692 3229 1821 3285 excu-

397 3315 522 3410 tite,
553 3332 604 3393 ut
632 3311 803 3394 &sales
832 3307 955 3416 ipsius
975 3307 1292 3415 ,habitumque
1319 3307 1500 3416 generosi
1524 3308 1650 3404 hujus
1669 3310 1819 3391 carm-i·

408 3424 508 3521 nis(
529 3423 573 3504 id
596 3419 712 3531 quod
739 3415 925 3500 fadiuros
950 3443 1026 3498 vos
1056 3441 1137 3500 non
1161 3414 1368 3524 ambigo)
1396 3416 1561 3523 penitus
1586 3416 1817 3502 imbuatis.

404 3532 570 3617 Patavii
610 3530 738 3611 tertio
775 3522 924 3610 Nonas
961 3523 1143 3609 Martii.
1174 3523 1301 3606 Anno
1328 3521 1492 3609 Christi
1528 3520 1707 3613 Domini
1744 3621 1748 3628 ,
1928 3613 1932 3621 ,

408 3636 821 3727 MCCCCXCIIII.
885 3682 888 3687 ·

477 3768 708 3876 Prioribus
735 3763 1124 3869 suis-Catullianis
1150 3764 1570 3870 Emendationibus
1585 3774 1815 3874 Avantins

408 3947 560 4054 quum
589 3908 747 4038 breves
772 3899 883 4005 alias
906 3901 1153 4031 adjecisset,
1190 3894 1272 4005 has
1305 3909 1434 4008 dono
1464 3904 1619 4026 misit,
1655 3920 1719 4008 ita
1751 3906 1809 4007 ab

408 4060 585 4172 Ioanne
621 4055 831 4178 Tacuino
863 4080 1048 4183 rogatus
1080 4120 1095 4163 ‚
1132 4041 1303 4161 Jacobo
1344 4037 1628 4144 nobilissimo
1658 4042 1813 4143 adole·
1889 4039 1892 4048 ’

405 4187 546 4290 scenti
566 4182 794 4287 clarissimi
819 4192 1006 4321 Georgii
1027 4177 1235 4309 Cornelii
1256 4179 1355 4280 filio
1370 4257 1385 4301 ‚
1399 4182 1504 4282 data
1528 4185 1586 4285 ad
1613 4184 1817 4284 eundem

406 4323 643 4467 Epistola,
676 4333 729 4423 in
762 4361 854 4463 qua
878 4318 1136 4440 jacobum,
1173 4335 1219 4419 &
1242 4326 1462 4422 Marcum
1499 4336 1592 4448 ejus
1627 4319 1818 4423 fratrem

409 4476 614 4567 maxime
638 4461 869 4564 collaudat
894 4457 956 4560 ob
976 4459 1292 4560 dotlrinarum
1311 4458 1692 4602 studium,quod
1718 4497 1820 4560 tan-

411 4643 463 4704 to
491 4642 648 4704 amore
674 4596 1082 4739 amplexabantur,
1116 4636 1169 4699 ut
1207 4598 1331 4698 illius
1368 4599 1497 4699 causa
1529 4613 1616 4701 uix
1661 4596 1817 4700 adole-

412 4739 584 4841 scentes
608 4777 719 4841 cum
747 4735 1044 4840 affluentibus
1063 4733 1228 4876 opibus
1258 4734 1406 4837 natale
1433 4734 1586 4841 solum
1617 4735 1820 4838 deserue-

411 4889 541 4979 rint.
580 4873 732 5002 Exstat
759 4918 810 4977 ea
842 4875 1042 5115 Epistola
1064 4878 1164 5015 post
1201 4876 1315 4976 duas
1347 4952 1361 4993 ‚
1395 4900 1520 5015 quas
1543 4873 1816 4987 attulimus,

412 5035 461 5120 δε
484 5014 574 5116 alia
598 5026 760 5154 pariter
783 5028 855 5141 eju
909 5053 985 5115 em
1012 5021 1203 5120 Avantii
1230 5013 1288 5115 ad
1309 5008 1828 5263 MarcumCorneJlium.
1938 5076 1939 5079 r

1035 5159 1037 5164 ’
1192 5164 1214 5251 Ι
1700 5162 1752 5243 'a-
