4459 6750
485 955 588 1039 244
871 908 1453 1022 POETICA.‚.

409 1057 607 1162 scribens
633 1059 878 1155 Manutius
902 1052 1137 1194 Epistolar.
1163 1049 1242 1151 lib.
1272 1095 1310 1149 1.
1335 1048 1392 1148 de
1417 1039 1587 1144 Calino
1608 1027 1705 1139 haec
1734 1024 1813 1132 ha-

407 1197 512 1300 bet:
550 1203 589 1298 C
590 1201 777 1311 alierum,
801 1225 910 1330 puto
929 1233 1008 1297 non
1031 1194 1173 1308 miii,
1209 1201 1285 1328 qui
1307 1180 1580 1326 clarissimum
1605 1180 1812 1315 juvenem

406 1334 635 1474 Aloystum
655 1338 901 1436 Cornelium
923 1409 938 1450 ,
962 1329 1198 1463 fingularis
1222 1339 1318 1430 viri
1338 1325 1526 1466 Joannis
1544 1319 1736 1420 Cornelii
1750 1314 1813 1450 fi-

409 1481 551 1594 lium,
590 1482 632 1573 in
655 1470 844 1608 Cyprum
880 1471 1061 1604 insulam
1081 1465 1289 1599 fecum
1325 1466 1504 1567 tertium
1529 1474 1625 1584 jam
1656 1492 1810 1556 annunt

409 1611 522 1746 abesl
539 1649 560 1723 ,·
570 1609 652 1744 sed
673 1610 781 1709 mibi
801 1607 894 1726 boe,
908 1608 1046 1708 velim
1060 1603 1233 1720 ,credas
1256 1595 1508 1728 affirmanti,
1518 1634 1565 1699 co
1586 1599 1713 1714 bona,
1723 1634 1810 1733 que

410 1747 609 1884 magister
636 1776 736 1857 tuus
756 1743 1019 1878 Aristoteles
1037 1742 1270 1846 laudabilia
1299 1733 1373 1881 ff
1399 1740 1505 1839 dicit
1525 1812 1539 1855 ,
1557 1734 1810 1865 omniafere

414 1901 457 1991 in
482 1891 556 1990 illo
580 1884 830 2020 adolescente
849 1915 929 1985 aut
950 1877 1023 2022 effe
1037 1884 1245 2025 jamnem
1266 1881 1416 1994 brevi,
1434 1909 1484 1978 ut
1509 1913 1582 2007 ego
1610 1909 1809 2005 auguror,

401 2025 601 2160 fututor
626 2059 849 2161 rogatque
871 2023 1100 2138 eundem,
1115 2055 1169 2118 ut
1199 2014 1350 2156 &ipse
1372 2025 1421 2117 in
1441 2012 1731 2114 consortium
1749 2053 1810 2111 re-

411 2175 604 2302 cipiatur
625 2200 736 2261 cum
748 2161 943 2280 Casino,
958 2156 1293 2276 &Amaltheo,
1320 2159 1599 2293 eloquentiam
1613 2158 1812 2290 (inquit)

413 2335 504 2404 tres
522 2312 673 2439 optimi
697 2303 997 2438 adolescentes,
1019 2297 1253 2429 atat'escre
1268 2326 1424 2433 parer,
1448 2296 1642 2408 concordi
1654 2290 1812 2422 fludio,

404 2437 536 2570 ficati
552 2441 890 2576 pulcherrimam
912 2448 1153 2571 virginem,
1169 2438 1331 2567 diligite
1346 2471 1368 2542 t
1390 2437 1503 2570 quod
1522 2429 1574 2561 fi
1593 2468 1658 2532 me
1687 2441 1815 2530 ctiam

401 2571 567 2713 socium
588 2588 804 2713 recipitis,
820 2583 877 2685 st*
898 2580 1088 2680 rivalem
1110 2587 1153 2676 in
1175 2577 1251 2676 boc
1276 2573 1562 2703 amoresertis
1575 2645 1589 2689 ,
1602 2581 1689 2672 erit
1705 2599 1813 2704 pre-

413 2718 534 2819 clara
568 2712 795 2851 consenso,
832 2722 888 2823 Cu
912 2719 1084 2818 Latina
1115 2718 1266 2844 lingua
1281 2712 1510 2843 sormam,
1548 2747 1680 2847 quam
1692 2717 1817 2843 supc-

412 2856 599 2956 rioribus
622 2857 879 2989 temporibus
903 2864 1022 2990 turpi
1052 2853 1250 2968 barbaric
1270 2860 1509 2966 vitiatam,
1545 2886 1651 2948 rtunc
1677 2885 1817 2978 coguo-

404 2990 526 3122 scere
550 3002 635 3089 vix
685 2985 899 3125 offumut,
928 2989 1022 3123 prist
1047 2991 1154 3104 bac,
1190 3017 1239 3086 ut
1260 2996 1397 3123 opinio
1420 3023 1512 3088 mea
1536 2987 1672 3117 sert,
1710 2998 1817 3086 inta-

414 3019 865 3262 &eustasiumque
885 3128 1120 3226 tuebimur.
1158 3129 1385 3243 Joannem
1397 3128 1646 3264 Baptistam
1660 3125 1817 3224 Amas-

411 3263 609 3383 theum,
648 3280 692 3362 δι
732 3261 1014 3365 Franciscum
1041 3248 1323 3385 Luismum,
1359 3298 1611 3404 utrumque
1635 3278 1815 3390 Fotoju-

413 3399 630 3521 siensem,
667 3402 817 3503 adhuc
840 3422 1028 3531 juvenes
1050 3402 1195 3502 Libius
1217 3414 1467 3544 Gregorius
1497 3402 1727 3539 Gyraldus
1763 3407 1816 3503 de

411 3546 537 3643 Poet.
565 3544 704 3642 nostr.
735 3552 875 3677 temp.
896 3543 1018 3638 Dial.
1039 3582 1079 3637 2.
1105 3557 1152 3638 &
1173 3540 1266 3683 ipse
1290 3543 1619 3661 commendat,
1634 3584 1688 3642 ac
1701 3542 1813 3643 bene

411 3678 472 3775 'de
497 3688 552 3774 iis
578 3675 851 3809 sperandum
878 3672 1058 3791 scribit,
1095 3685 1251 3811 aitque
1270 3677 1578 3788 Amaltheam
1605 3690 1812 3785 Veneriis

412 3814 538 3946 apud
561 3817 840 3944 Lipomanos
863 3820 1112 3940 juventutis
1135 3814 1446 3915 institutorem
1475 3853 1634 3953 agere,
1655 3824 1816 3921 itidem

415 3948 659 4047 Luisrnum
681 3944 1024 4076 adolescentum
1050 3950 1422 4072 Corneliorum,
1453 3955 1673 4094 huncque
1702 3969 1818 4060 inter

413 4122 568 4187 coetera
600 4096 805 4187 carmina
838 4085 1047 4227 scripsisse
1072 4090 1333 4227 Epodicum
1371 4094 1433 4191 de'
1454 4079 1535 4193 suo
1571 4093 1713 4233 ipsius
1751 4102 1820 4200 die

414 4225 561 4327 natali
586 4236 855 4329 Horatianis
880 4237 1085 4344 numetis
1111 4228 1170 4328 ad
1185 4224 1433 4339 Casinum.
1472 4242 1640 4333 Trium
1655 4238 1834 4338 Amal-⁸

408 4366 629 4480 theorum
664 4377 869 4465 carmina
915 4376 1161 4500 recitantur
1212 4376 1263 4471 in
1298 4368 1586 4504 Collediione
1621 4378 1814 4494 Joannis

399 4504 631 4605 Matthaei
648 4497 864 4609 Toscani.
992 4496 1006 4560 ’-

480 4647 669 4755 Mutius
691 4644 769 4745 hic
794 4643 1014 4766 Casinus,
1039 4651 1097 4748 de
1118 4685 1214 4787 quo
1241 4662 1511 4781 Manutius,
1537 4661 1594 4762 ad
1618 4667 1814 4768 Archio-

405 4772 694 4919 piscopatu'm
713 4780 1004 4899 jaderensem
1034 4782 1262 4913 ascendit,
1279 4836 1421 4935 quem
1445 4802 1596 4937 postea
1617 4845 1728 4907 curn
1742 4822 1813 4909 In·

393 4956 624 5021 teramnae
652 4916 927 5058 Episcopatu
963 4942 1299 5037 commutavit.
1331 4948 1452 5060 'Eam
1481 4950 1812 5079 migrationem

393 5055 578 5188 :calino
604 5055 866 5216 gratulatur
882 5060 1048 5166 Paulus
1069 5070 1313 5172 Manutius
1339 5077 1577 5214 Epistolar.
1602 5082 1682 5184 lib.
1700 5126 1742 5205 7.
1755 5095 1811 5185 ei·

1655 5263 1747 5365 que
