4459 6750
471 897 554 1001 64'
739 873 819 977 M
877 859 1465 984 VALERIUS

397 1026 528 1134 pinius
552 1013 736 1113 Statius,
765 1014 812 1099 dt
831 1009 883 1093 sic
904 1006 1168 1118 Propertius,
1198 996 1490 1122 luvenalisque
1508 991 1741 1185 lpguutur,
1759 983 1816 1073 ὰ

396 1136 466 1242 qui
486 1130 697 1240 superiore
716 1148 831 1218 aevo,
858 1117 1051 1202 omnibus
1070 1115 1271 1201 membris
1292 1108 1516 1232 discerpti,
1543 1098 1689 1231 radii,
1708 1123 1825 1183 exn·-

397 1238 611 1350 nimesque
639 1232 923 1329 videbantur,
953 1255 1060 1312 nunc
1088 1229 1260 1334 integn,
1292 1218 1438 1312 solidi,
1468 1211 1690 1403 vrvrdrpue
1714 1234 1813 1337 per·

398 1352 661 1463 spiciuntur.
697 1344 818 1429 Solus
848 1359 1070 1449 poetarum
1090 1335 1309 1432 Catullus,
1333 1355 1423 1439 quo
1451 1348 1576 1406 nemo
1625 1344 1814 1449 nautor,

398 1488 523 1544 nemo
536 1458 759 1557 jucundior
778 1508 794 1552 ,
819 1475 944 1533 nemo
960 1446 1106 1532 terslor
1125 1441 1288 1541 fuerat,
1318 1439 1461 1524 scabra
1479 1433 1633 1561 adhuc·
1645 1427 1812 1539 rubrgr·

402 1599 453 1653 ne
479 1567 658 1652 consitus
687 1558 986 1648 detinebatur.
1023 1555 1108 1640 Cui
1148 1555 1203 1638 ad
1232 1574 1477 1660 temporum
1508 1566 1811 1669 ‘iniuriamne

403 1681 448 1764 id
463 1679 638 1789 quidem
656 1671 801 1761 defore
821 1670 983 1782 potuit,
1012 1669 1237 1775 quominus
1263 1689 1289 1744 a
1315 1653 1604 1780 literatorrbus
1630 1647 1813 1764 quibus·

404 1792 505 1873 darn
532 1784 797 1899 stigmatibus
827 1776 1113 1865 ineluibilibus
1143 1778 1402 1859 inureretur.
1448 1764 1490 1849 0
1518 1760 1811 1865 miserandam

402 1895 634 2009 lepidissimi
656 1895 798 1980 Poetae
816 1885 1055 1975 fortunam!
1086 1883 1197 1998 Qiis
1222 1885 1335 1965 enim
1363 1874 1550 2003 indolere
1576 1870 1813 1955 vehemen-

403 2011 487 2092 tius
516 2035 596 2090 non
623 2006 776 2091 debeat
805 2060 817 2098 ,
854 2026 922 2083 eas
948 1998 1123 2080 humani
1176 1995 1307 2076 eneris
1334 1987 1537 2080 delicias,
1576 1980 1809 2068 tenebrosis

398 2119 664 2225 quorundam
681 2112 890 2199 erroribus
906 2110 1013 2191 adeo
1030 2021 1258 2200 obduslas,
1285 2120 1334 2183 ut
1355 2095 1464 2197 jure,
1493 2120 1543 2179 ac
1559 2092 1725 2179 merito
1753 2091 1815 2221 di·

403 2253 496 2308 cere
515 2225 708 2336 possimus
727 2223 806 2324 id,
831 2218 948 2329 quod
976 2217 1029 2300 de
1061 2214 1102 2299 se
1121 2218 1249 2302 Vates
1278 2208 1367 2327 ipse
1395 2201 1671 2317 lepidissimus
1702 2222 1810 2287 ratr-

396 2337 565 2436 ¹cinarus
588 2338 672 2436 ,ests

515 2455 577 2530 At
603 2443 701 2528 oobir
730 2445 830 2531 male
846 2439 928 2550 fiat
957 2441 1070 2526 male
1098 2436 1262 2525 tenebra·

513 2560 638 2656 Orci,
667 2580 752 2658 que
778 2558 906 2638 omnia
931 2551 1030 2635 bella
1057 2549 1271 2634 devoratis.

511 2665 779 2750 rambertum
807 2661 903 2746 mibi
924 2658 1103 2776 pallerem
1131 2651 1341 2770 abflulrllir.

515 2779 551 2853 0
573 2774 731 2887 fabium
760 2772 882 2869 malr,
909 2801 930 2852 o
957 2769 1092 2960 misslle
1115 2769 1259 2885 paffer!
1770 2870 1779 2886 ι

403 2882 569 2966 Verum
596 2886 810 2966 enimvero
832 2906 975 2963 rerum
1044 2898 1166 2962 arura
1196 2903 1343 2986 pareus
1370 2872 1531 2962 diutius
1557 2887 1733 2957 tantam
1759 2898 1822 2972 Ja-

347 3074 368 3094 ,
402 2992 570 3078 dluram
601 3018 681 3073 non
702 2990 921 3088 sustinens,
947 3015 1048 3071 cum
1072 2988 1318 3097 aliquandiu
1340 2986 1470 3071 Poeta
1492 2981 1821 3083 jucundissimus

406 3102 512 3199 fitu,
542 3125 813 3211 marcoreque
830 3098 1079 3208 squalleret,
1107 3097 1322 3207 quomodo
1342 3099 1515 3181 tandem
1534 3091 1646 3177 bunc
1675 3097 1822 3177 etiam

407 3217 450 3296 in
469 3215 607 3296 lucem
630 3213 872 3308 reduceret,
899 3211 1023 3294 enixa
1041 3208 1123 3310 est;
1152 3208 1253 3291 idest
1273 3228 1354 3305 ,ut
1375 3208 1535 3289 civium
1550 3199 1673 3313 ipsius
1693 3202 1823 3283 inve·

406 3329 565 3409 nitetur
580 3322 761 3430 aliquis,
791 3321 864 3431 qui
883 3346 982 3406 eum
1013 3320 1059 3405 dt
1090 3347 1115 3405 a
1146 3315 1340 3401 barbarie
1372 3316 1628 3412 vindicaret,
1654 3307 1707 3395 &
1734 3309 1821 3424 ubi

404 3437 567 3540 aliqua,
594 3434 663 3513 vel
692 3432 916 3530 mendosa,
944 3432 1012 3514 vel
1031 3429 1217 3514 abstrusa
1244 3427 1405 3526 essent,
1436 3421 1722 3518 emendaret,
1747 3449 1821 3508 ex·

406 3542 747 3650 plicaret‚atque
765 3541 990 3644 digereret.
1020 3541 1060 3618 ls
1078 3539 1135 3618 est
1155 3536 1667 3641 HieronymusAvantius
1682 3530 1817 3618 Vero·

389 3649 565 3746 nense,
596 3645 713 3743 cujus
742 3648 923 3754 vigiliae,
955 3649 1194 3757 eximiaque
1220 3649 1260 3728 in
1289 3652 1427 3732 civem
1454 3645 1579 3730 suum
1601 3649 1740 3754 pietas
1769 3646 1814 3730 id

410 3758 583 3837 tandem
601 3752 775 3838 ell'ecilse
801 3755 1129 3865 perspiciuntur,
1157 3779 1206 3840 ut
1236 3785 1289 3843 ex
1315 3759 1494 3843 obscuro
1524 3756 1715 3840 nitidum
1727 3782 1812 3856 ,ex

409 3868 547 3947 lacero
575 3863 790 3967 solidum,
817 3865 864 3948 dt
890 3894 944 3949 ex
972 3866 1150 3950 barbaro
1175 3867 1354 3977 denique
1383 3869 1563 3953 latinum
1586 3865 1732 3951 denuo
1756 3862 1812 3950 es·

408 3974 570 4059 licerer.
604 3972 735 4088 Qrod
755 3974 782 4057 sr
803 3977 859 4060 ob
878 3977 1061 4059 servatos
1080 3980 1190 4060 cives
1219 3980 1285 4061 vel
1300 3978 1475 4063 Sicinius
1484 3977 1729 4077 Dentatus,
1748 3973 1813 4060 vel

407 4086 631 4171 Africanus
657 4089 824 4187 minor,
854 4089 1025 4171 decreto
1052 4087 1245 4197 publico,
1274 4090 1443 4175 Civitas
1468 4114 1695 4191 meruere3
1723 4088 1811 4199 quis

408 4227 488 4281 non
507 4198 617 4279 hunc
634 4202 765 4280 etiam
795 4227 844 4282 ea
865 4200 1040 4310 dignum
1061 4198 1301 4298 existimet,
1330 4205 1402 4311 qui
1423 4204 1563 4290 civem
1582 4197 1713 4286 suum
1733 4224 1809 4283 nou

408 4305 581 4389 servasse
602 4308 753 4404 modo,
783 4306 853 4392 sed
871 4311 926 4392 ab
945 4306 1085 4394 inferis
1112 4310 1430 4417 quodammodo
1459 4308 1666 4394 revocasse
1700 4310 1809 4394 vide·

409 4417 509 4498 tur?
538 4414 701 4505 Verum
720 4438 837 4501 tanta
857 4418 938 4502 fuit
958 4420 1139 4501 hominis
1160 4421 1392 4521 modestia,
1421 4440 1540 4505 tanta
1569 4420 1728 4527 ingenii
1754 4419 1807 4502 vi·

411 4524 607 4609 vaeiffimi
636 4526 894 4626 diffidentia,
921 4548 970 4610 ut
997 4555 1065 4611 eas
1084 4528 1245 4637 vigilias
1270 4529 1361 4614 suas
1388 4530 1540 4615 nonnisi
1562 4533 1712 4639 paucis
1733 4591 1747 4631 ,
1765 4527 1808 4612 dt

408 4634 474 4718 his
490 4637 662 4748 quidem
682 4637 956 4737 amiciffimis,
985 4665 1084 4722 cum
1102 4641 1189 4721 ruri
1205 4641 1383 4741 rediret,
1402 4641 1650 4738 exhiberet,
1672 4664 1725 4725 ut
1746 4635 1809 4724 vel

403 4748 648 4857 arrogantiae
666 4774 834 4832 omnem
862 4748 951 4835 ase
969 4748 1242 4860 suspicionem
1271 4773 1514 4850 amoveret,
1543 4748 1609 4833 vel
1637 4750 1811 4837 aemulo·

401 4885 500 4942 rum
519 4855 917 4958 obtredlationibus,
943 4862 1016 4970 qui
1038 4859 1235 4969 praeclara
1263 4865 1403 4946 omnia
1432 4862 1720 4972 ogganniunt,
1749 4889 1812 4949 oc·

401 4966 605 5052 casronem
624 4993 795 5052 omnem
811 4972 1049 5056 adimeret.
1088 4967 1179 5078 Ego
1201 4997 1331 5070 vero,
1358 4976 1423 5055 cui
1449 4975 1539 5072 jam
1566 4974 1688 5055 annis
1711 4974 1812 5059 duo

403 5075 478 5163 bur
515 5106 581 5166 tas
611 5079 772 5193 vigilias
810 5080 934 5183 suas,
963 5100 1114 5193 utpote
1142 5083 1216 5189 qui
1245 5107 1485 5170 currentem
1514 5109 1612 5168 eum
1646 5091 1672 5179 (
1690 5082 1812 5170 ficuti

1610 5206 1760 5263 munel
