<?xml version="1.0" encoding="UTF-8"?>
<!DOCTYPE html PUBLIC "-//W3C//DTD XHTML 1.0 Transitional//EN"
    "http://www.w3.org/TR/xhtml1/DTD/xhtml1-transitional.dtd">
<html xmlns="http://www.w3.org/1999/xhtml" xml:lang="en" lang="en">
 <head>
  <title>
</title>
<meta http-equiv="Content-Type" content="text/html;charset=utf-8" />
  <meta name='ocr-system' content='tesseract 3.04.00' />
  <meta name='ocr-capabilities' content='ocr_page ocr_carea ocr_par ocr_line ocrx_word'/>
</head>
<body>
  <div class='ocr_page' id='page_1' title='image "./specimenvariael00quirgoog_0181.png"; bbox 0 0 4459 6750; ppageno 0'>
   <div class='ocr_carea' id='block_1_1' title="bbox 196 898 1598 1300">
    <p class='ocr_par' dir='ltr' id='par_1_1' title="bbox 196 880 1598 1300">
     <span class='ocr_line' id='line_1_1' title="bbox 548 898 1519 1028; baseline -0.012 -13"><span class='ocrx_word' id='word_1_1' title='bbox 548 905 700 1015; x_wconf 76' lang='lat' dir='ltr'>MA</span> <span class='ocrx_word' id='word_1_2' title='bbox 731 901 1009 1024; x_wconf 70' lang='lat' dir='ltr'><em>RTIA</em></span> <span class='ocrx_word' id='word_1_3' title='bbox 1041 898 1249 1008; x_wconf 70' lang='lat' dir='ltr'>HS.—</span> <span class='ocrx_word' id='word_1_4' title='bbox 1427 926 1519 1028; x_wconf 81' lang='lat'>¹⁶3</span> 
     </span>
     <span class='ocr_line' id='line_1_2' title="bbox 197 1038 1598 1183; baseline 0.002 -38"><span class='ocrx_word' id='word_1_5' title='bbox 197 1038 321 1164; x_wconf 89' lang='lat' dir='ltr'>Heli,</span> <span class='ocrx_word' id='word_1_6' title='bbox 339 1056 385 1143; x_wconf 79' lang='lat' dir='ltr'>dc</span> <span class='ocrx_word' id='word_1_7' title='bbox 403 1047 566 1145; x_wconf 85' lang='lat' dir='ltr'>Marco</span> <span class='ocrx_word' id='word_1_8' title='bbox 578 1040 848 1183; x_wconf 86' lang='lat' dir='ltr'>Phosphoro</span> <span class='ocrx_word' id='word_1_9' title='bbox 862 1042 1074 1183; x_wconf 87' lang='lat' dir='ltr'>inscripta</span> <span class='ocrx_word' id='word_1_10' title='bbox 1090 1119 1104 1162; x_wconf 94' lang='lat'>,</span> <span class='ocrx_word' id='word_1_11' title='bbox 1121 1043 1404 1146; x_wconf 85' lang='lat' dir='ltr'>demonstrat</span> <span class='ocrx_word' id='word_1_12' title='bbox 1424 1125 1434 1143; x_wconf 91' lang='lat'><strong>.</strong></span> <span class='ocrx_word' id='word_1_13' title='bbox 1466 1060 1519 1147; x_wconf 89' lang='lat' dir='ltr'>In</span> <span class='ocrx_word' id='word_1_14' title='bbox 1543 1089 1598 1150; x_wconf 92' lang='lat' dir='ltr'>eo</span> 
     </span>
     <span class='ocr_line' id='line_1_3' title="bbox 196 1179 1597 1300; baseline 0.007 -20"><span class='ocrx_word' id='word_1_15' title='bbox 196 1191 403 1282; x_wconf 89' lang='lat' dir='ltr'>Domitii</span> <span class='ocrx_word' id='word_1_16' title='bbox 425 1179 554 1287; x_wconf 89' lang='lat' dir='ltr'>labor</span> <span class='ocrx_word' id='word_1_17' title='bbox 579 1192 642 1286; x_wconf 86' lang='lat' dir='ltr'>ita</span> <span class='ocrx_word' id='word_1_18' title='bbox 662 1186 1044 1300; x_wconf 88' lang='lat' dir='ltr'>commendatur,</span> <span class='ocrx_word' id='word_1_19' title='bbox 1066 1179 1365 1281; x_wconf 87' lang='lat' dir='ltr'>utMartialis·</span> <span class='ocrx_word' id='word_1_20' title='bbox 1379 1187 1516 1285; x_wconf 85' lang='lat' dir='ltr'>decus</span> <span class='ocrx_word' id='word_1_21' title='bbox 1539 1192 1597 1290; x_wconf 86' lang='lat' dir='ltr'>ad</span> 
     </span>
    </p>
   </div>
   <div class='ocr_carea' id='block_1_2' title="bbox 197 1318 1269 1464">
    <p class='ocr_par' dir='ltr' id='par_1_2' title="bbox 197 1318 1269 1464">
     <span class='ocr_line' id='line_1_4' title="bbox 197 1318 1269 1464; baseline 0.003 -46"><span class='ocrx_word' id='word_1_22' title='bbox 197 1318 354 1460; x_wconf 92' lang='lat' dir='ltr'>ipsum</span> <span class='ocrx_word' id='word_1_23' title='bbox 376 1329 515 1427; x_wconf 88' lang='lat' dir='ltr'>etiam</span> <span class='ocrx_word' id='word_1_24' title='bbox 544 1335 812 1429; x_wconf 91' lang='lat' dir='ltr'>Domitium</span> <span class='ocrx_word' id='word_1_25' title='bbox 841 1318 1039 1464; x_wconf 71' lang='lat' dir='ltr'>spediare</span> <span class='ocrx_word' id='word_1_26' title='bbox 1069 1322 1269 1421; x_wconf 89' lang='lat' dir='ltr'>dicatur:</span> 
     </span>
    </p>
   </div>
   <div class='ocr_carea' id='block_1_3' title="bbox 241 1513 1514 1954">
    <p class='ocr_par' dir='ltr' id='par_1_3' title="bbox 241 1513 1514 1954">
     <span class='ocr_line' id='line_1_5' title="bbox 310 1513 1514 1632; baseline 0.002 -35"><span class='ocrx_word' id='word_1_27' title='bbox 310 1523 376 1600; x_wconf 78' lang='lat' dir='ltr'>Tar</span> <span class='ocrx_word' id='word_1_28' title='bbox 404 1549 575 1628; x_wconf 82' lang='lat' dir='ltr'>quoque,</span> <span class='ocrx_word' id='word_1_29' title='bbox 605 1525 672 1628; x_wconf 84' lang='lat' dir='ltr'>qui</span> <span class='ocrx_word' id='word_1_30' title='bbox 690 1519 829 1632; x_wconf 79' lang='lat' dir='ltr'>fueras</span> <span class='ocrx_word' id='word_1_31' title='bbox 857 1517 1036 1620; x_wconf 82' lang='lat' dir='ltr'>mutilus,</span> <span class='ocrx_word' id='word_1_32' title='bbox 1064 1513 1284 1630; x_wconf 79' lang='lat' dir='ltr'>mendosas,</span> <span class='ocrx_word' id='word_1_33' title='bbox 1312 1517 1355 1602; x_wconf 57' lang='grc' dir='ltr'>(θ’</span> <span class='ocrx_word' id='word_1_34' title='bbox 1382 1515 1514 1631; x_wconf 78' lang='lat' dir='ltr'>asper,</span> 
     </span>
     <span class='ocr_line' id='line_1_6' title="bbox 370 1626 1334 1739; baseline -0.007 -23"><span class='ocrx_word' id='word_1_35' title='bbox 370 1644 413 1716; x_wconf 79' lang='lat' dir='ltr'><em>A</em></span> <span class='ocrx_word' id='word_1_36' title='bbox 437 1635 585 1715; x_wconf 64' lang='lat' dir='ltr'>tentiis</span> <span class='ocrx_word' id='word_1_37' title='bbox 610 1637 752 1739; x_wconf 79' lang='lat' dir='ltr'>potetis</span> <span class='ocrx_word' id='word_1_38' title='bbox 777 1655 878 1713; x_wconf 83' lang='lat' dir='ltr'>nunc</span> <span class='ocrx_word' id='word_1_39' title='bbox 904 1626 1021 1729; x_wconf 83' lang='lat' dir='ltr'>bene,</span> <span class='ocrx_word' id='word_1_40' title='bbox 1048 1631 1214 1726; x_wconf 81' lang='lat' dir='ltr'><em>Marce,</em></span> <span class='ocrx_word' id='word_1_41' title='bbox 1242 1629 1334 1739; x_wconf 77' lang='lat' dir='ltr'>legi.</span> 
     </span>
     <span class='ocr_line' id='line_1_7' title="bbox 309 1737 1399 1932; baseline -0.004 -109"><span class='ocrx_word' id='word_1_42' title='bbox 309 1745 411 1825; x_wconf 78' lang='lat' dir='ltr'>Ecce</span> <span class='ocrx_word' id='word_1_43' title='bbox 437 1743 509 1825; x_wconf 82' lang='lat' dir='ltr'>tibi</span> <span class='ocrx_word' id='word_1_44' title='bbox 533 1749 711 1829; x_wconf 83' lang='lat' dir='ltr'>eximium</span> <span class='ocrx_word' id='word_1_45' title='bbox 737 1762 895 1846; x_wconf 78' lang='lat' dir='ltr'>parrum</span> <span class='ocrx_word' id='word_1_46' title='bbox 919 1737 972 1932; x_wconf 56' lang='lat' dir='ltr'>psl</span> <span class='ocrx_word' id='word_1_47' title='bbox 1000 1743 1218 1845; x_wconf 75' lang='lat' dir='ltr'>interprete</span> <span class='ocrx_word' id='word_1_48' title='bbox 1245 1766 1399 1836; x_wconf 77' lang='lat' dir='ltr'>nomen,</span> 
     </span>
     <span class='ocr_line' id='line_1_8' title="bbox 241 1848 1436 1954; baseline 0.002 -18"><span class='ocrx_word' id='word_1_49' title='bbox 241 1864 246 1874; x_wconf 86' lang='lat'><em>&#39;</em></span> <span class='ocrx_word' id='word_1_50' title='bbox 360 1853 498 1940; x_wconf 80' lang='lat' dir='ltr'>Redde</span> <span class='ocrx_word' id='word_1_51' title='bbox 525 1860 667 1954; x_wconf 82' lang='lat' dir='ltr'>vicem,</span> <span class='ocrx_word' id='word_1_52' title='bbox 696 1853 892 1937; x_wconf 77' lang='lat' dir='ltr'>alternum</span> <span class='ocrx_word' id='word_1_53' title='bbox 948 1849 1073 1949; x_wconf 75' lang='lat' dir='ltr'>irride,</span> <span class='ocrx_word' id='word_1_54' title='bbox 1104 1853 1266 1951; x_wconf 82' lang='lat' dir='ltr'>Marce,</span> <span class='ocrx_word' id='word_1_55' title='bbox 1296 1848 1436 1938; x_wconf 82' lang='lat' dir='ltr'>decus.</span> 
     </span>
    </p>
   </div>
   <div class='ocr_carea' id='block_1_4' title="bbox 176 2013 1602 5337">
    <p class='ocr_par' dir='ltr' id='par_1_4' title="bbox 176 2013 1602 5337">
     <span class='ocr_line' id='line_1_9' title="bbox 197 2013 1601 2159; baseline 0 -41"><span class='ocrx_word' id='word_1_56' title='bbox 197 2061 203 2077; x_wconf 90' lang='lat'><strong>·</strong></span> <span class='ocrx_word' id='word_1_57' title='bbox 267 2018 547 2159; x_wconf 88' lang='lat' dir='ltr'>Calphurnii</span> <span class='ocrx_word' id='word_1_58' title='bbox 570 2022 715 2120; x_wconf 89' lang='lat' dir='ltr'>nostri</span> <span class='ocrx_word' id='word_1_59' title='bbox 735 2018 958 2142; x_wconf 83' lang='lat' dir='ltr'>judicium</span> <span class='ocrx_word' id='word_1_60' title='bbox 983 2023 1033 2113; x_wconf 92' lang='lat' dir='ltr'>in</span> <span class='ocrx_word' id='word_1_61' title='bbox 1048 2014 1239 2114; x_wconf 81' lang='lat' dir='ltr'>Merulae</span> <span class='ocrx_word' id='word_1_62' title='bbox 1261 2013 1601 2118; x_wconf 84' lang='lat' dir='ltr'>lucubrationes</span> 
     </span>
     <span class='ocr_line' id='line_1_10' title="bbox 197 2149 1602 2294; baseline 0.001 -42"><span class='ocrx_word' id='word_1_63' title='bbox 197 2150 347 2276; x_wconf 82' lang='lat' dir='ltr'>ferri,</span> <span class='ocrx_word' id='word_1_64' title='bbox 382 2159 507 2258; x_wconf 89' lang='lat' dir='ltr'>haud</span> <span class='ocrx_word' id='word_1_65' title='bbox 533 2156 665 2280; x_wconf 84' lang='lat' dir='ltr'>facile</span> <span class='ocrx_word' id='word_1_66' title='bbox 686 2149 1104 2294; x_wconf 68' lang='lat' dir='ltr'>mihi‘persuadeo,</span> <span class='ocrx_word' id='word_1_67' title='bbox 1141 2191 1254 2254; x_wconf 85' lang='lat' dir='ltr'>nam</span> <span class='ocrx_word' id='word_1_68' title='bbox 1282 2152 1399 2253; x_wconf 91' lang='lat' dir='ltr'>illud</span> <span class='ocrx_word' id='word_1_69' title='bbox 1424 2169 1516 2280; x_wconf 83' lang='lat' dir='ltr'>jam</span> <span class='ocrx_word' id='word_1_70' title='bbox 1543 2154 1602 2254; x_wconf 89' lang='lat' dir='ltr'>ab</span> 
     </span>
     <span class='ocr_line' id='line_1_11' title="bbox 197 2291 1599 2436; baseline 0.001 -46"><span class='ocrx_word' id='word_1_71' title='bbox 197 2332 351 2417; x_wconf 89' lang='lat' dir='ltr'>ann0,</span> <span class='ocrx_word' id='word_1_72' title='bbox 389 2334 442 2397; x_wconf 92' lang='lat' dir='ltr'>ut</span> <span class='ocrx_word' id='word_1_73' title='bbox 475 2293 631 2436; x_wconf 78' lang='lat' dir='ltr'>sapius</span> <span class='ocrx_word' id='word_1_74' title='bbox 660 2298 840 2398; x_wconf 71' lang='lat' dir='ltr'>diuum</span> <span class='ocrx_word' id='word_1_75' title='bbox 868 2294 970 2411; x_wconf 90' lang='lat' dir='ltr'>est,</span> <span class='ocrx_word' id='word_1_76' title='bbox 999 2329 1142 2411; x_wconf 84' lang='lat'>1474.</span> <span class='ocrx_word' id='word_1_77' title='bbox 1175 2293 1413 2433; x_wconf 90' lang='lat' dir='ltr'>proditum</span> <span class='ocrx_word' id='word_1_78' title='bbox 1439 2291 1599 2414; x_wconf 82' lang='lat' dir='ltr'>fuisse,</span> 
     </span>
     <span class='ocr_line' id='line_1_12' title="bbox 197 2428 1600 2575; baseline 0.003 -47"><span class='ocrx_word' id='word_1_79' title='bbox 197 2470 320 2532; x_wconf 88' lang='lat' dir='ltr'>certo</span> <span class='ocrx_word' id='word_1_80' title='bbox 345 2438 522 2536; x_wconf 85' lang='lat' dir='ltr'>constat</span> <span class='ocrx_word' id='word_1_81' title='bbox 546 2477 558 2545; x_wconf 76' lang='lat'><em>3</em></span> <span class='ocrx_word' id='word_1_82' title='bbox 596 2446 696 2575; x_wconf 86' lang='lat' dir='ltr'>quo&#39;</span> <span class='ocrx_word' id='word_1_83' title='bbox 717 2471 815 2557; x_wconf 86' lang='lat' dir='ltr'>¹tem</span> <span class='ocrx_word' id='word_1_84' title='bbox 881 2472 926 2532; x_wconf 89' lang='lat' dir='ltr'>re</span> <span class='ocrx_word' id='word_1_85' title='bbox 954 2433 1385 2548; x_wconf 83' lang='lat' dir='ltr'>minime&#39;constat,</span> <span class='ocrx_word' id='word_1_86' title='bbox 1421 2428 1600 2532; x_wconf 88' lang='lat' dir='ltr'>easdem</span> 
     </span>
     <span class='ocr_line' id='line_1_13' title="bbox 196 2565 1595 2713; baseline 0.002 -47"><span class='ocrx_word' id='word_1_87' title='bbox 196 2570 430 2704; x_wconf 84' lang='lat' dir='ltr'>publicam</span> <span class='ocrx_word' id='word_1_88' title='bbox 466 2573 619 2673; x_wconf 89' lang='lat' dir='ltr'>lucem</span> <span class='ocrx_word' id='word_1_89' title='bbox 649 2569 793 2713; x_wconf 85' lang='lat' dir='ltr'>aspexi</span> <span class='ocrx_word' id='word_1_90' title='bbox 830 2613 894 2690; x_wconf 89' lang='lat' dir='ltr'>e,</span> <span class='ocrx_word' id='word_1_91' title='bbox 926 2565 1000 2670; x_wconf 89' lang='lat' dir='ltr'>seu</span> <span class='ocrx_word' id='word_1_92' title='bbox 1032 2571 1089 2667; x_wconf 89' lang='lat' dir='ltr'>ad</span> <span class='ocrx_word' id='word_1_93' title='bbox 1116 2567 1397 2706; x_wconf 74' lang='lat' dir='ltr'>&#39;Calphurnii</span> <span class='ocrx_word' id='word_1_94' title='bbox 1429 2607 1595 2669; x_wconf 84' lang='lat' dir='ltr'>manus</span> 
     </span>
     <span class='ocr_line' id='line_1_14' title="bbox 195 2692 1597 2848; baseline 0.001 -43"><span class='ocrx_word' id='word_1_95' title='bbox 195 2711 464 2844; x_wconf 80' lang='lat' dir='ltr'>pervenisse.</span> <span class='ocrx_word' id='word_1_96' title='bbox 500 2725 604 2812; x_wconf 90' lang='lat' dir='ltr'>Irno</span> <span class='ocrx_word' id='word_1_97' title='bbox 621 2750 727 2814; x_wconf 90' lang='lat' dir='ltr'>vero</span> <span class='ocrx_word' id='word_1_98' title='bbox 751 2692 903 2848; x_wconf 71' lang='lat' dir='ltr'>liquis</span> <span class='ocrx_word' id='word_1_99' title='bbox 925 2708 1246 2825; x_wconf 90' lang='lat' dir='ltr'>contenderet,</span> <span class='ocrx_word' id='word_1_100' title='bbox 1263 2746 1345 2805; x_wconf 88' lang='lat' dir='ltr'>nec</span> <span class='ocrx_word' id='word_1_101' title='bbox 1365 2706 1422 2805; x_wconf 89' lang='lat' dir='ltr'>ad</span> <span class='ocrx_word' id='word_1_102' title='bbox 1443 2703 1597 2847; x_wconf 91' lang='lat' dir='ltr'>ipsum</span> 
     </span>
     <span class='ocr_line' id='line_1_15' title="bbox 194 2842 1598 2991; baseline 0.001 -49"><span class='ocrx_word' id='word_1_103' title='bbox 194 2855 409 2948; x_wconf 85' lang='lat' dir='ltr'>Perotum</span> <span class='ocrx_word' id='word_1_104' title='bbox 433 2847 1057 2991; x_wconf 66' lang='lat' dir='ltr'>spedalseCalphurnianum</span> <span class='ocrx_word' id='word_1_105' title='bbox 1085 2842 1205 2944; x_wconf 93' lang='lat' dir='ltr'>illud</span> <span class='ocrx_word' id='word_1_106' title='bbox 1233 2846 1598 2971; x_wconf 52' lang='lat' dir='ltr'>judicium2non</span> 
     </span>
     <span class='ocr_line' id='line_1_16' title="bbox 195 2979 1597 3128; baseline 0 -46"><span class='ocrx_word' id='word_1_107' title='bbox 195 2984 328 3084; x_wconf 88' lang='lat' dir='ltr'>valde</span> <span class='ocrx_word' id='word_1_108' title='bbox 351 3026 658 3127; x_wconf 82' lang='lat' dir='ltr'>repugnarem</span> <span class='ocrx_word' id='word_1_109' title='bbox 683 3030 695 3100; x_wconf 76' lang='lat'>3</span> <span class='ocrx_word' id='word_1_110' title='bbox 731 2998 849 3128; x_wconf 89' lang='lat' dir='ltr'>quin</span> <span class='ocrx_word' id='word_1_111' title='bbox 877 2988 964 3114; x_wconf 88' lang='lat' dir='ltr'>(ut</span> <span class='ocrx_word' id='word_1_112' title='bbox 985 3020 1150 3085; x_wconf 91' lang='lat' dir='ltr'>verum</span> <span class='ocrx_word' id='word_1_113' title='bbox 1168 2979 1348 3113; x_wconf 78' lang='lat' dir='ltr'>fatear)</span> <span class='ocrx_word' id='word_1_114' title='bbox 1377 2992 1453 3084; x_wconf 76' lang='lat' dir='ltr'>virt</span> <span class='ocrx_word' id='word_1_115' title='bbox 1472 2985 1597 3113; x_wconf 90' lang='lat' dir='ltr'>credi</span> 
     </span>
     <span class='ocr_line' id='line_1_17' title="bbox 194 3120 1598 3265; baseline 0.001 -44"><span class='ocrx_word' id='word_1_116' title='bbox 194 3127 364 3259; x_wconf 85' lang='lat' dir='ltr'>potest,</span> <span class='ocrx_word' id='word_1_117' title='bbox 387 3126 737 3265; x_wconf 89' lang='lat' dir='ltr'>Calphurnium</span> <span class='ocrx_word' id='word_1_118' title='bbox 768 3127 825 3227; x_wconf 91' lang='lat' dir='ltr'>de</span> <span class='ocrx_word' id='word_1_119' title='bbox 849 3126 952 3224; x_wconf 88' lang='lat' dir='ltr'>rudi</span> <span class='ocrx_word' id='word_1_120' title='bbox 979 3130 1406 3225; x_wconf 86' lang='lat' dir='ltr'>Grammaticorum</span> <span class='ocrx_word' id='word_1_121' title='bbox 1438 3120 1598 3243; x_wconf 87' lang='lat' dir='ltr'>turba,</span> 
     </span>
     <span class='ocr_line' id='line_1_18' title="bbox 192 3259 1596 3403; baseline 0.002 -46"><span class='ocrx_word' id='word_1_122' title='bbox 192 3270 271 3358; x_wconf 89' lang='lat' dir='ltr'>cui</span> <span class='ocrx_word' id='word_1_123' title='bbox 295 3272 566 3385; x_wconf 89' lang='lat' dir='ltr'>Domitium</span> <span class='ocrx_word' id='word_1_124' title='bbox 626 3262 791 3368; x_wconf 77' lang='lat' dir='ltr'>retulit</span> <span class='ocrx_word' id='word_1_125' title='bbox 813 3338 830 3384; x_wconf 87' lang='lat'><strong>,</strong></span> <span class='ocrx_word' id='word_1_126' title='bbox 863 3261 1162 3403; x_wconf 86' lang='lat' dir='ltr'>loquentem,</span> <span class='ocrx_word' id='word_1_127' title='bbox 1187 3259 1442 3362; x_wconf 90' lang='lat' dir='ltr'>Nicolaum</span> <span class='ocrx_word' id='word_1_128' title='bbox 1464 3273 1596 3362; x_wconf 89' lang='lat' dir='ltr'>Pero-</span> 
     </span>
     <span class='ocr_line' id='line_1_19' title="bbox 196 3399 1598 3542; baseline 0.001 -45"><span class='ocrx_word' id='word_1_129' title='bbox 196 3436 301 3497; x_wconf 91' lang='lat' dir='ltr'>tum</span> <span class='ocrx_word' id='word_1_130' title='bbox 328 3400 478 3499; x_wconf 91' lang='lat' dir='ltr'>eidem</span> <span class='ocrx_word' id='word_1_131' title='bbox 511 3405 568 3501; x_wconf 89' lang='lat' dir='ltr'>ad</span> <span class='ocrx_word' id='word_1_132' title='bbox 588 3400 780 3542; x_wconf 88' lang='lat' dir='ltr'>cripsrsse</span> <span class='ocrx_word' id='word_1_133' title='bbox 806 3399 1061 3503; x_wconf 53' lang='lat' dir='ltr'>„Profecto</span> <span class='ocrx_word' id='word_1_134' title='bbox 1092 3412 1141 3500; x_wconf 93' lang='lat' dir='ltr'>in</span> <span class='ocrx_word' id='word_1_135' title='bbox 1169 3402 1374 3539; x_wconf 84' lang='lat' dir='ltr'>Baptistae</span> <span class='ocrx_word' id='word_1_136' title='bbox 1401 3407 1598 3524; x_wconf 88' lang='lat' dir='ltr'>Guarini</span> 
     </span>
     <span class='ocr_line' id='line_1_20' title="bbox 196 3534 1597 3681; baseline 0.005 -49"><span class='ocrx_word' id='word_1_137' title='bbox 196 3534 550 3661; x_wconf 86' lang='lat' dir='ltr'>Dissertatione,</span> <span class='ocrx_word' id='word_1_138' title='bbox 585 3563 686 3681; x_wconf 87' lang='lat' dir='ltr'>quae</span> <span class='ocrx_word' id='word_1_139' title='bbox 711 3539 880 3679; x_wconf 81' lang='lat' dir='ltr'>legitur</span> <span class='ocrx_word' id='word_1_140' title='bbox 912 3543 1013 3680; x_wconf 87' lang='lat' dir='ltr'>post</span> <span class='ocrx_word' id='word_1_141' title='bbox 1037 3551 1231 3642; x_wconf 86' lang='lat' dir='ltr'>citatum</span> <span class='ocrx_word' id='word_1_142' title='bbox 1259 3536 1464 3639; x_wconf 83' lang='lat' dir='ltr'>Sabellici</span> <span class='ocrx_word' id='word_1_143' title='bbox 1485 3547 1597 3639; x_wconf 89' lang='lat' dir='ltr'>Dia-</span> 
     </span>
     <span class='ocr_line' id='line_1_21' title="bbox 190 3674 1596 3819; baseline 0.005 -47"><span class='ocrx_word' id='word_1_144' title='bbox 190 3674 357 3814; x_wconf 87' lang='lat' dir='ltr'>logum</span> <span class='ocrx_word' id='word_1_145' title='bbox 378 3675 522 3795; x_wconf 85' lang='lat' dir='ltr'>,licet</span> <span class='ocrx_word' id='word_1_146' title='bbox 544 3687 855 3819; x_wconf 86' lang='lat' dir='ltr'>maximopere</span> <span class='ocrx_word' id='word_1_147' title='bbox 877 3677 1086 3781; x_wconf 89' lang='lat' dir='ltr'>laudetur</span> <span class='ocrx_word' id='word_1_148' title='bbox 1115 3686 1355 3781; x_wconf 90' lang='lat' dir='ltr'>Domitius</span> <span class='ocrx_word' id='word_1_149' title='bbox 1381 3720 1407 3779; x_wconf 86' lang='lat' dir='ltr'>a</span> <span class='ocrx_word' id='word_1_150' title='bbox 1433 3687 1596 3779; x_wconf 87' lang='lat' dir='ltr'>Guari-</span> 
     </span>
     <span class='ocr_line' id='line_1_22' title="bbox 188 3815 1599 3937; baseline 0.004 -23"><span class='ocrx_word' id='word_1_151' title='bbox 188 3856 254 3914; x_wconf 93' lang='lat' dir='ltr'>no</span> <span class='ocrx_word' id='word_1_152' title='bbox 279 3825 577 3919; x_wconf 85' lang='lat' dir='ltr'>conterraneo</span> <span class='ocrx_word' id='word_1_153' title='bbox 602 3816 707 3937; x_wconf 85' lang='lat' dir='ltr'>suo,</span> <span class='ocrx_word' id='word_1_154' title='bbox 722 3820 841 3919; x_wconf 76' lang='lat' dir='ltr'>‘adeo</span> <span class='ocrx_word' id='word_1_155' title='bbox 862 3815 1041 3919; x_wconf 84' lang='lat' dir='ltr'>ibidem</span> <span class='ocrx_word' id='word_1_156' title='bbox 1060 3829 1245 3921; x_wconf 85' lang='lat' dir='ltr'>Perotus</span> <span class='ocrx_word' id='word_1_157' title='bbox 1268 3824 1366 3921; x_wconf 83' lang='lat' dir='ltr'>non</span> <span class='ocrx_word' id='word_1_158' title='bbox 1390 3856 1599 3921; x_wconf 88' lang='lat' dir='ltr'>contem·</span> 
     </span>
     <span class='ocr_line' id='line_1_23' title="bbox 193 3954 1596 4101; baseline 0.002 -50"><span class='ocrx_word' id='word_1_159' title='bbox 193 3963 352 4075; x_wconf 87' lang='lat' dir='ltr'>nitur,</span> <span class='ocrx_word' id='word_1_160' title='bbox 385 3992 439 4057; x_wconf 92' lang='lat' dir='ltr'>ut</span> <span class='ocrx_word' id='word_1_161' title='bbox 462 3993 558 4058; x_wconf 89' lang='lat' dir='ltr'>tam</span> <span class='ocrx_word' id='word_1_162' title='bbox 582 3998 636 4057; x_wconf 86' lang='lat' dir='ltr'>ex</span> <span class='ocrx_word' id='word_1_163' title='bbox 667 3955 844 4083; x_wconf 86' lang='lat' dir='ltr'>hujus,</span> <span class='ocrx_word' id='word_1_164' title='bbox 870 3958 1013 4097; x_wconf 78' lang='lat' dir='ltr'>quain</span> <span class='ocrx_word' id='word_1_165' title='bbox 1046 3964 1101 4057; x_wconf 79' lang='lat' dir='ltr'>er</span> <span class='ocrx_word' id='word_1_166' title='bbox 1128 3954 1374 4101; x_wconf 76' lang='lat' dir='ltr'>Pomponii</span> <span class='ocrx_word' id='word_1_167' title='bbox 1398 3967 1507 4057; x_wconf 84' lang='lat' dir='ltr'>Laeti</span> <span class='ocrx_word' id='word_1_168' title='bbox 1545 3968 1596 4055; x_wconf 88' lang='lat' dir='ltr'>in</span> 
     </span>
     <span class='ocr_line' id='line_1_24' title="bbox 194 4091 1598 4234; baseline 0.001 -44"><span class='ocrx_word' id='word_1_169' title='bbox 194 4091 457 4194; x_wconf 87' lang='lat' dir='ltr'>Martialem</span> <span class='ocrx_word' id='word_1_170' title='bbox 486 4106 853 4198; x_wconf 83' lang='lat' dir='ltr'>Commentariis</span> <span class='ocrx_word' id='word_1_171' title='bbox 885 4094 1113 4234; x_wconf 87' lang='lat' dir='ltr'>profecisse</span> <span class='ocrx_word' id='word_1_172' title='bbox 1138 4106 1407 4199; x_wconf 90' lang='lat' dir='ltr'>Domitium</span> <span class='ocrx_word' id='word_1_173' title='bbox 1431 4170 1445 4213; x_wconf 89' lang='lat'>‚</span> <span class='ocrx_word' id='word_1_174' title='bbox 1469 4102 1598 4192; x_wconf 87' lang='lat' dir='ltr'>Gua-</span> 
     </span>
     <span class='ocr_line' id='line_1_25' title="bbox 192 4231 1598 4375; baseline 0.002 -47"><span class='ocrx_word' id='word_1_175' title='bbox 192 4240 320 4331; x_wconf 87' lang='lat' dir='ltr'>rinus</span> <span class='ocrx_word' id='word_1_176' title='bbox 360 4242 559 4334; x_wconf 90' lang='lat' dir='ltr'>minime</span> <span class='ocrx_word' id='word_1_177' title='bbox 593 4235 861 4335; x_wconf 85' lang='lat' dir='ltr'>inficietur.</span> <span class='ocrx_word' id='word_1_178' title='bbox 897 4234 948 4331; x_wconf 92' lang='lat' dir='ltr'>Id</span> <span class='ocrx_word' id='word_1_179' title='bbox 976 4231 1126 4372; x_wconf 91' lang='lat' dir='ltr'>ipsum</span> <span class='ocrx_word' id='word_1_180' title='bbox 1161 4237 1287 4375; x_wconf 91' lang='lat' dir='ltr'>quod</span> <span class='ocrx_word' id='word_1_181' title='bbox 1321 4236 1380 4334; x_wconf 91' lang='lat' dir='ltr'>de</span> <span class='ocrx_word' id='word_1_182' title='bbox 1407 4244 1598 4350; x_wconf 89' lang='lat' dir='ltr'>Peroto,</span> 
     </span>
     <span class='ocr_line' id='line_1_26' title="bbox 189 4368 1595 4510; baseline 0.001 -43"><span class='ocrx_word' id='word_1_183' title='bbox 189 4368 356 4471; x_wconf 85' lang='lat' dir='ltr'>fatetur</span> <span class='ocrx_word' id='word_1_184' title='bbox 394 4375 452 4471; x_wconf 88' lang='lat' dir='ltr'>de</span> <span class='ocrx_word' id='word_1_185' title='bbox 483 4372 668 4510; x_wconf 81' lang='lat' dir='ltr'>Angelo</span> <span class='ocrx_word' id='word_1_186' title='bbox 693 4372 862 4472; x_wconf 86' lang='lat' dir='ltr'>Sabino</span> <span class='ocrx_word' id='word_1_187' title='bbox 890 4379 1156 4493; x_wconf 84' lang='lat' dir='ltr'>Guarinus,</span> <span class='ocrx_word' id='word_1_188' title='bbox 1185 4384 1416 4474; x_wconf 91' lang='lat' dir='ltr'>nimirum</span> <span class='ocrx_word' id='word_1_189' title='bbox 1439 4369 1595 4510; x_wconf 88' lang='lat' dir='ltr'>aliqua</span> 
     </span>
     <span class='ocr_line' id='line_1_27' title="bbox 187 4503 1600 4646; baseline 0.004 -42"><span class='ocrx_word' id='word_1_190' title='bbox 187 4548 242 4605; x_wconf 84' lang='lat' dir='ltr'>ex</span> <span class='ocrx_word' id='word_1_191' title='bbox 263 4503 607 4609; x_wconf 76' lang='lat' dir='ltr'>accuratissimis</span> <span class='ocrx_word' id='word_1_192' title='bbox 631 4508 768 4633; x_wconf 82' lang='lat' dir='ltr'>hujus</span> <span class='ocrx_word' id='word_1_193' title='bbox 794 4521 844 4611; x_wconf 91' lang='lat' dir='ltr'>in</span> <span class='ocrx_word' id='word_1_194' title='bbox 869 4508 1139 4628; x_wconf 82' lang='lat' dir='ltr'>Iuvenalem</span> <span class='ocrx_word' id='word_1_195' title='bbox 1155 4506 1501 4646; x_wconf 71' lang='lat' dir='ltr'>Qestionibus</span> <span class='ocrx_word' id='word_1_196' title='bbox 1525 4549 1600 4609; x_wconf 86' lang='lat' dir='ltr'>ac-</span> 
     </span>
     <span class='ocr_line' id='line_1_28' title="bbox 186 4642 1597 4787; baseline 0.007 -48"><span class='ocrx_word' id='word_1_197' title='bbox 186 4645 346 4780; x_wconf 86' lang='lat' dir='ltr'>cepisse</span> <span class='ocrx_word' id='word_1_198' title='bbox 357 4656 624 4749; x_wconf 89' lang='lat' dir='ltr'>Domitium</span> <span class='ocrx_word' id='word_1_199' title='bbox 640 4727 651 4747; x_wconf 87' lang='lat'><strong>.</strong></span> <span class='ocrx_word' id='word_1_200' title='bbox 669 4642 673 4648; x_wconf 37' lang='lat'>¹</span> <span class='ocrx_word' id='word_1_201' title='bbox 690 4660 873 4766; x_wconf 87' lang='lat' dir='ltr'>Peroto,</span> <span class='ocrx_word' id='word_1_202' title='bbox 894 4663 940 4748; x_wconf 69' lang='grc' dir='ltr'>ὅ(</span> <span class='ocrx_word' id='word_1_203' title='bbox 963 4646 1134 4748; x_wconf 86' lang='lat' dir='ltr'>Sabino</span> <span class='ocrx_word' id='word_1_204' title='bbox 1154 4659 1384 4787; x_wconf 79' lang='lat' dir='ltr'>Georgius</span> <span class='ocrx_word' id='word_1_205' title='bbox 1397 4647 1597 4749; x_wconf 85' lang='lat' dir='ltr'>Alexan-</span> 
     </span>
     <span class='ocr_line' id='line_1_29' title="bbox 184 4784 1598 4925; baseline 0.003 -45"><span class='ocrx_word' id='word_1_206' title='bbox 184 4784 352 4882; x_wconf 86' lang='lat' dir='ltr'>drinus</span> <span class='ocrx_word' id='word_1_207' title='bbox 378 4794 431 4888; x_wconf 89' lang='lat' dir='ltr'>in</span> <span class='ocrx_word' id='word_1_208' title='bbox 465 4828 518 4889; x_wconf 88' lang='lat' dir='ltr'>ea</span> <span class='ocrx_word' id='word_1_209' title='bbox 542 4786 861 4890; x_wconf 87' lang='lat' dir='ltr'>Dissertatione</span> <span class='ocrx_word' id='word_1_210' title='bbox 897 4823 1007 4887; x_wconf 87' lang='lat' dir='ltr'>mox</span> <span class='ocrx_word' id='word_1_211' title='bbox 1041 4784 1290 4904; x_wconf 86' lang='lat' dir='ltr'>subditur,</span> <span class='ocrx_word' id='word_1_212' title='bbox 1326 4796 1512 4925; x_wconf 86' lang='lat' dir='ltr'>magnis</span> <span class='ocrx_word' id='word_1_213' title='bbox 1548 4801 1598 4884; x_wconf 64' lang='grc' dir='ltr'>δι</span> 
     </span>
     <span class='ocr_line' id='line_1_30' title="bbox 184 4918 1598 5064; baseline 0.002 -47"><span class='ocrx_word' id='word_1_214' title='bbox 184 4918 277 5060; x_wconf 88' lang='lat' dir='ltr'>ipse</span> <span class='ocrx_word' id='word_1_215' title='bbox 300 4920 512 5027; x_wconf 87' lang='lat' dir='ltr'>laudibus</span> <span class='ocrx_word' id='word_1_216' title='bbox 543 4969 571 5027; x_wconf 83' lang='lat' dir='ltr'>a</span> <span class='ocrx_word' id='word_1_217' title='bbox 602 4936 813 5027; x_wconf 86' lang='lat' dir='ltr'>Guarino</span> <span class='ocrx_word' id='word_1_218' title='bbox 840 4921 1130 5044; x_wconf 88' lang='lat' dir='ltr'>celebratus,</span> <span class='ocrx_word' id='word_1_219' title='bbox 1166 4922 1338 5064; x_wconf 85' lang='lat' dir='ltr'>quibus</span> <span class='ocrx_word' id='word_1_220' title='bbox 1369 4964 1451 5024; x_wconf 89' lang='lat' dir='ltr'>nec</span> <span class='ocrx_word' id='word_1_221' title='bbox 1481 4934 1598 5025; x_wconf 87' lang='lat' dir='ltr'>Cor-</span> 
     </span>
     <span class='ocr_line' id='line_1_31' title="bbox 176 5059 1600 5200; baseline -0.001 -42"><span class='ocrx_word' id='word_1_222' title='bbox 176 5059 330 5162; x_wconf 81' lang='lat' dir='ltr'>nelius</span> <span class='ocrx_word' id='word_1_223' title='bbox 358 5063 570 5195; x_wconf 80' lang='lat' dir='ltr'>Vitellius</span> <span class='ocrx_word' id='word_1_224' title='bbox 594 5062 653 5166; x_wconf 91' lang='lat' dir='ltr'>ab</span> <span class='ocrx_word' id='word_1_225' title='bbox 677 5066 842 5167; x_wconf 86' lang='lat' dir='ltr'>eodem</span> <span class='ocrx_word' id='word_1_226' title='bbox 867 5060 1131 5163; x_wconf 84' lang='lat' dir='ltr'>fraudatur.</span> <span class='ocrx_word' id='word_1_227' title='bbox 1167 5065 1392 5200; x_wconf 85' lang='lat' dir='ltr'>Elogium</span> <span class='ocrx_word' id='word_1_228' title='bbox 1418 5097 1600 5179; x_wconf 88' lang='lat' dir='ltr'>autem,</span> 
     </span>
     <span class='ocr_line' id='line_1_32' title="bbox 883 5209 1530 5337; baseline -0.003 -39"><span class='ocrx_word' id='word_1_229' title='bbox 883 5209 932 5298; x_wconf 90' lang='lat' dir='ltr'>X</span> <span class='ocrx_word' id='word_1_230' title='bbox 972 5239 1000 5296; x_wconf 73' lang='grc' dir='ltr'>ι</span> <span class='ocrx_word' id='word_1_231' title='bbox 1426 5234 1530 5337; x_wconf 80' lang='lat' dir='ltr'>quo</span> 
     </span>
    </p>
   </div>
   <div class='ocr_carea' id='block_1_5' title="bbox 0 0 2234 6744">
    <p class='ocr_par' dir='ltr' id='par_1_5' title="bbox 0 0 2234 6744">
     <span class='ocr_line' id='line_1_33' title="bbox 0 0 2234 6744; baseline 0 0"><span class='ocrx_word' id='word_1_232' title='bbox 0 0 2234 6744; x_wconf 95' lang='lat' dir='ltr'> </span> 
     </span>
    </p>
   </div>
  </div>
 </body>
</html>
