4459 6750
499 889 585 1001 '36
806 857 1509 983 GRAMMATICA·
1841 994 1848 999 ἡ

516 1008 630 1102 Haec
665 991 759 1138 ipsa
780 1008 981 1099 Saturnii
1017 1003 1153 1108 verba
1189 1043 1286 1107 non
1322 1029 1512 1142 gratum
1546 1012 1731 1098 tantum
1758 994 1864 1095 ani-

448 1171 590 1243 mum
610 1171 719 1275 erga
738 1172 1060 1277 praeoeptotem
1085 1146 1431 1254 demonstrant,
1454 1131 1528 1234 sed
1552 1164 1759 1266 praeterea
1785 1171 1864 1231 ca-

446 1280 621 1416 iiigatae
642 1272 856 1413 prorsus,
889 1318 940 1376 ac
964 1278 1121 1380 nitidae
1146 1287 1380 1393 Orationis
1404 1306 1551 1411 genus
1585 1346 1601 1390 ,
1636 1272 1695 1373 ab
1722 1275 1861 1371 omni

442 1411 682 1534 barbarie,
705 1422 752 1514 &
772 1412 1015 1552 praesertim
1044 1454 1069 1511 a
1097 1419 1290 1516 rancidae
1314 1417 1569 1511 Latinitatis
1593 1407 1862 1526 vocabulis,

444 1550 617 1694 quibus
632 1587 841 1654 utentem
860 1552 1126 1651 audivimus
1139 1558 1659 1685 Quintianumsstoam,
1691 1548 1866 1691 asperav-

429 1691 537 1833 -que
571 1690 776 1819 ejusdem
809 1690 1066 1792 elocutione
1092 1700 1235 1790 nimis
1258 1726 1403 1829 quam
1422 1691 1629 1792 distans:
1659 1688 1860 1831 quofit,

445 1868 528 1951 ut,
553 1827 588 1927 fi
614 1846 713 1956 jure
749 1872 800 1933 ac
834 1840 1050 1931 meritoa
1074 1838 1402 1932 Grammaticis
1430 1839 1655 1970 petimur,
1691 1839 1859 1930 Latine

334 2044 337 2051 -
441 1966 671 2108 loquendi
707 1963 1013 2091 facultatem,
1047 2008 1202 2110 quarn·
1230 1969 1605 2111 praeceptionibus
1640 1968 1858 2079 tradunt,

426 2102 617 2246 scriptis
638 2105 728 2209 luis
751 2107 1433 2250 comprobent,.imitenturque
1448 2106 1739 2245 Polycletum
1758 2142 1855 2206 non

445 2282 552 2345 ante
582 2246 809 2348 celebrem
847 2251 986 2351 illum
1013 2257 1182 2349 statuas
1218 2260 1336 2350 teile
1359 2249 1784 2389 fingendi-Carnona
1805 2253 1857 2346 in

444 2380 599 2485 lucem
620 2386 1047 2526 protulilievisum,
1070 2428 1212 2528 quam
1243 2386 1425 2529 publice
1442 2387 1667 2529 proposita
1694 2391 1857 2506 statua,

443 2519 572 2624 velut
592 2536 700 2625 artis
721 2525 1068 2667 exemplo,luas
1088 2526 1178 2666 ipse
1200 2524 1380 2667 regulas
1398 2538 1580 2668 egregie
1602 2527 1854 2665 praestando

438 2662 751 2765 confirmaiiet
772 2708 784 2776 3
823 2707 965 2767 nemo
988 2663 1197 2803 profesto
1219 2677 1303 2766 erit
1325 2743 1353 2785 ,.
1375 2677 1458 2805 qui
1480 2676 1676 2767 Saturnii
1703 2669 1855 2763 nostri

441 2805 735 2899 Mercurium
759 2806 976 2904 evolvens
995 2805 1170 2903 inficias
1185 2843 1258 2904 eat
1268 2880 1283 2923 ,
1299 2806 1499 2905 eundem
1516 2812 1692 2922 Artem,
1703 2840 1855 2942 quam

437 2933 629 3056 docuit,
664 2938 863 3040 calluisse
885 2946 1048 3081 ,quod
1070 2941 1236 3042 clarius
1270 2944 1428 3044 adhuc
1456 2956 1668 3048 evincent
1703 2980 1852 3085 quam

438 3069 574 3210 plura
596 3088 692 3200 ejus
715 3075 823 3177 libri
845 3078 944 3179 loca
969 3095 1064 3204 jam
1084 3096 1179 3207 jam
1210 3077 1463 3184 afferenda.

482 3296 485 3306 .
507 3225 637 3315 Inter
655 3225 1082 3320 Grammaticorum
1106 3226 1276 3342 ducet,
1312 3222 1591 3363 quibuscum
1612 3231 1862 3329 Saturnini-

431 3347 667 3475 ·ludiatur,
703 3366 945 3460 neminem
968 3399 1086 3462 certe
1112 3359 1180 3463 fre
1215 3371 1400 3464 uentius
1420 3367 1479 3465 ad
1506 3403 1720 3507 pugnam
1781 3406 1849 3467 ro-

430 3528 596 3609 uocat,
632 3532 777 3628 quam
800 3508 1102 3595 Laurentium
1118 3402 1307 3599 Vallam
1329 3512 1605 3608 Romanum
1617 3583 1633 3627 ,
1653 3405 1850 3611 celcler-

436 3637 627 3727 rimum
656 3627 796 3729 illum
819 3642 987 3733 Latinae
1013 3632 1187 3773 linguae
1211 3641 1554 3776 reparatorem,
1578 3685 1718 3788 atque
1745 3644 1850 3747 illu·

444 3762 713 3887 stratorem,
748 3779 831 3906 qui
859 3778 1114 3895 nimirum,
1136 3813 1188 3876 ut
1212 3778 1341 3878 Pauli
1366 3786 1505 3907 Iovii·
1524 3797 1574 3888 in
1595 3802 1694 3913 eius
1715 3786 1846 3925 Elog.

431 3896 589 4051 *verbis
613 3941 739 4024 urar,
775 3947 803 4009 a
828 3912 1030 4013 Gothicis
1054 3921 1313 4052 temporibus
1349 3924 1478 4063 usque
1491 3930 1559 4029 od
1571 3956 1761 4063 potrum
1781 3965 1847 4029 tto-

425 4036 617 4177 sttorum
643 4057 891 4151 memoriam
924 4056 1109 4188 prtralto
1135 4058 1332 4193 sipultos
1347 4063 1497 4195 somno
1513 4075 1632 4168 cives
1642 4067 1758 4202 suot
1791 4068 1848 4169 nd

425 4184 639 4289 nobilium
660 4192 905 4294 ‚literarum
926 4188 1121 4323 studium
1155 4205 1372 4301 excitavit
1395 4240 1419 4311 ,·
1454 4210 1699 4339 indignatus
1734 4219 1844 4311 enim

431 4322 583 4422 tandiu
607 4340 823 4465 corrumpi
834 4331 1042 4465 seculum
1068 4336 1347 4465 ltrultoruro',
1373 4347 1431 4450 ὼ
1452 4344 1738 4485 fhpbisiarum
1758 4359 1840 4450 irn-

430 4470 551 4560 mani
573 4465 901 4621 conspiratione,
916 4477 1176 4613 optimusque
1197 4511 1328 4584 artes,
1342 4466 1501 4589 inculta
1516 4486 1728 4622 sermonis
1740 4490 1841 4590 bar-

395 4687 397 4691 .
427 4594 548 4698 bario
569 4605 785 4734 desudati,
805 4614 1141 4745 Elegantiarum
1160 4620 1294 4720 libros
1314 4624 1472 4743 edidit,
1493 4612 1844 4751 traditisRomass

406 4742 753 4845 naelocutionis
766 4762 997 4889 praecptis
1013 4852 1016 4859 ,
1031 4790 1086 4855 rtt
1109 4790 1312 4864 accurata
1340 4794 1541 4868 veterum
1561 4773 1840 4907 Scriptorum

421 4874 744 5011 observatione,
781 4893 935 5030 quibus
959 4896 1174 5032 juventus
1196 4902 1588 5071 amulandistudio
1617 4910 1679 5011 ad
1702 4911 1841 5015 deter-

419 5020 581 5184 gendos
600 5058 902 5169 corruptartrm
926 5034 1161 5146 literarum
1189 5038 1334 5174 sordes
1368 5048 1702 5174 attenderetur.
1749 5045 1841 5150 Iniss

1665 5222 1769 5293 tum
