4459 6750
649 862 844 971 PO'E
878 863 990 970 TI
1017 863 1059 963 C
1081 859 1151 970 A·
1445 901 1533 985 193

200 1034 299 1100 tam
332 1001 400 1098 M.
429 1002 630 1102 Antonii
665 1003 911 1123 Flaminii,
947 1041 1092 1145 quam
1114 1006 1317 1136 ¹Georgii
1341 1003 1614 1105 Buchanani

199 1137 493 1278 Paraphrases
509 1187 519 1240 ι
537 1183 629 1282 qua
652 1187 708 1245 ex
727 1154 1070 1284 comparatione
1094 1138 1129 1239 fi
1150 1137 1497 1275 elegantiffimis
1519 1142 1613 1243 illis

199 1277 531 1416 Interpretibus
546 1289 699 1402 Jovita
722 1286 875 1385 noster
899 1278 1114 1418 palmam
1128 1285 1335 1397 minime
1356 1279 1610 1421 praeripuis-

197 1414 240 1520 se
266 1416 528 1542 censeatur,
563 1420 785 1520 fatebitur
812 1455 971 1516 tamen
999 1428 1161 1516 Leukoe
1178 1491 1193 1534 ‚
1211 1415 1351 1542 hujus
1378 1434 1606 1559 Interpre-

194 1566 424 1660 tationem
450 1562 645 1699 dignam
670 1555 789 1674 effe,
821 1593 923 1694 quae
952 1563 1153 1654 minime
1181 1550 1410 1658 delitescat
1440 1562 1606 1699 (quod

195 1696 297 1818 illi,
322 1696 473 1801 nescio
499 1738 595 1839 quo
613 1696 736 1816 fatu,
758 1702 991 1832 contigit)
1013 1690 1088 1793 sed
1111 1730 1214 1834 quae
1240 1731 1463 1798 unacum
1490 1701 1605 1799 dua-

192 1834 283 1935 bus
308 1839 400 1939 illis
428 1856 562 1964 jure,
591 1856 638 1939 &
664 1846 833 1937 merito
858 1833 920 1934 ob
949 1832 1058 1971 styli
1078 1835 1331 1940 candorem
1350 1835 1599 1949 ,celeberri-

195 1986 289 2075 mis
314 1982 568 2084 dostorum
596 1987 1096 2121 Virorum-amorem,
1130 1971 1382 2119 laudesque
1404 1976 1607 2120 affequa-

191 2152 297 2222 tur.

403 2349 592 2465 Psdmns
615 2345 765 2485 XXIi.
801 2342 1041 2443 Dominus
1067 2349 1186 2485 regit
1209 2379 1285 2445 me
1308 2352 1394 2476 &n
1419 2470 1422 2475 Ι

410 2568 504 2676 Qu
532 2563 630 2647 mibi
657 2591 770 2651 cunm
799 2568 911 2650 toties
939 2566 1072 2652 inanes

409 2680 558 2757 Sumo?
587 2673 688 2781 quid
711 2674 810 2790 triste·
837 2697 1008 2761 metuens
1027 2675 1198 2791 sem-din

410 2789 552 2884 Eum,
583 2783 626 2869 θ
655 2790 695 2866 in
723 2786 865 2901 caffum
894 2785 1054 2872 meliora
1074 2788 1193 2903 feffus

527 2893 685 3008 Pascua
713 2908 876 3002 quero?
965 2923 983 2953 -·
1565 2994 1569 3003 Ι

409 3011 481 3091 Me
511 3034 613 3090 meus
640 3004 770 3116 pascet
803 3016 1015 3107 Dominus,
1044 3037 1113 3095 nec
1143 3012 1257 3097 ultre
1397 3020 1414 3067 ·'
1460 3021 1475 3037 '‘

414 3121 563 3201 Deerit
585 3147 599 3194 .·
627 3123 758 3221 aprico
783 3119 894 3203 dabit
925 3120 991 3203 ille
1009 3145 1141 3225 campo
1170 3142 1173 3147 '
1409 3128 1414 3138 '
1446 3120 1449 3128 ’

412 3223 598 3323 Ludere,
627 3226 801 3311 inradias
831 3231 896 3313 ubi
923 3254 1041 3339 vagus
1072 3229 1212 3317 herbas
1326 3235 1374 3294 “²²

534 3338 684 3441 irrigat
715 3342 858 3414 amnis.

416 3448 508 3529 Nec
530 3470 665 3553 greges
693 3455 854 3526 'tantum
881 3444 989 3529 canis
1018 3440 1157 3556 aestuofi

415 3559 590 3661 Caipene
617 3574 782 3636 extenta
805 3554 1078 3659 potuereluce

414 3670 518 3767 Ros,
547 3663 657 3750 brevi
685 3685 878 3770 quantum
907 3667 1044 3749 tacite
1071 3669 1222 3776 reponit

531 3775 672 3859 Nouis
703 3782 746 3856 in
777 3777 933 3859 umbre.

417 3891 491 3971 Me
520 3883 613 3967 mihi
644 3881 783 3968 reddet
805 3889 1025 3976 Dominus,
1054 3914 1124 3969 nec
1151 3890 1262 3973 ultra

313 4024 316 4028 ·
418 4001 605 4080 Limitem
633 3992 783 4076 redium
805 3992 915 4106 feret
944 4000 1132 4101 evagari,

419 4106 562 4204 Galle,
582 4104 660 4215 sed
682 4105 819 4190 dextro
848 4130 917 4213 per
946 4132 1101 4186 nmoena
1129 4104 1250 4189 ducet

533 4228 682 4305 Strata
715 4222 894 4302 viarum.
1238 4290 1240 4294 ,

423 4330 609 4440 Noiiefi
639 4327 773 4443 densae
802 4359 995 4415 nemorum
1021 4351 1089 4435 per
1120 4328 1273 4412 umbras

422 4442 537 4525 Valle
566 4448 607 4520 in
635 4436 792 4544 obscura
812 4442 863 4549 fit
896 4448 998 4538 iter,
1020 4437 1221 4544 fereque,
1240 4436 1284 4524 (e

423 4552 600 4668 Monstra
626 4549 850 4663 presentem
877 4548 971 4633 mibi
999 4549 1277 4633 comminentur

535 4661 724 4767 Undique
754 4683 938 4764 mortem,
987 4687 989 4692 '
1150 4689 1153 4698 '
1321 4687 1352 4702 ·'
1384 4657 1388 4668 ’

425 4784 496 4863 Me
525 4799 593 4863 tuo
621 4776 744 4887 pastor
772 4773 907 4857 baculo
936 4771 1080 4880 tueris,

421 4890 542 5000 Virga
571 4918 630 4975 me
659 4883 792 4971 reddit
822 4886 1167 4993 maenianorum,
1307 4913 1328 4953 ····

418 5000 517 5087 Ulla
545 5032 592 5087 ne
620 4998 713 5082 duri
735 4996 863 5111 facies
891 4993 1032 5082 laboris

532 5121 596 5198 Mi
623 5140 725 5199 nova
745 5113 914 5225 surgat.

254 5236 300 5312 Ρ.
313 5228 367 5311 11.
935 5215 1022 5306 Bb
1255 5148 1258 5155 ⁵
1454 5203 1582 5316 uun,
