4459 6750
768 854 1477 979 GRAMMAT-Ium
1688 914 1752 1004 rt
1802 914 1806 938 ·’

425 992 686 1099 Nicolaiv..
703 1027 812 1231 erga
834 991 985 1098 literas
1005 998 1360 1109 commendaret
1396 1000 1563 1138 deinde
1584 1007 1642 1111 ad
1655 1007 1820 1121 Gra'mtj

417 1140 639 1240 maticarn
653 1128 758 1258 facu
781 1148 928 1235 tarem
941 1137 1369 1244 commendandam
1389 1143 1633 1267 accedit&
1649 1141 1702 1254 in
1724 1140 1825 1262 cal.-''

415 1317 466 1378 ce
489 1270 703 1415 Epistola
737 1273 898 1377 testem
937 1271 1130 1384 adhibet
1160 1275 1559 1513 quintilianum,
1593 1277 1722 1426 quod
1765 1332 1820 1401 ea
1888 1382 1890 1388 ,

417 1411 657 1524 neceffaria
688 1407 751 1537 fit·
764 1423 942 1555 pueris,
977 1415 1179 1538 iucunda
1225 1414 1430 1536 onibus,
1449 1419 1598 1525 ¹dulcis
1631 1414 1818 1532 secreto-

419 1592 531 1660 rum
553 1575 732 1672 comes‘,
763 1564 813 1652 &
839 1588 942 1699 quae
977 1547 1052 1655 rel
1078 1545 1173 1652 sola
1192 1548 1297 1695 plus
1321 1550 1462 1663 habet
1483 1574 1647 1705 operis,
1669 1580 1817 1715 quam

419 1698 756 1799 ostentationis.
940 1703 967 1718 ”
1125 1717 1127 1721 ·
1242 1733 1244 1739 ’
1450 1709 1463 1792 ’,

462 1847 519 1940 V,
537 1832 712 1938 ¹Paulus
721 1827 923 1936 suardus
940 1838 1062 1934 inter
1078 1836 1314 1933 Brixianos
1330 1839 1668 1945 Grammaticos
1676 1853 1817 1985 quin.

412 2011 521 2078 tum
543 1975 687 2078 modo
705 2007 896 2113 occupet
920 1970 1107 2092 locum,
1125 1980 1333 2114 principe
1357 1977 1550 2120 quidem
1567 1976 1742 2124 dignus
1760 2019 1821 2088 ex

413 2116 604 2235 loannis
633 2118 828 2211 Antonii
847 2109 1075 2216 Catharrei
1100 2105 1339 2253 suffragio.
1375 2125 1482 2223 Hoc
1508 2116 1632 2223 mihi
1656 2153 1816 2249 occur.

409 2262 471 2355 rit
496 2253 556 2353 ad
589 2248 766 2351 calcem
792 2259 1006 2390 Operum
1027 2257 1205 2354 Marini
1227 2252 1485 2364 Becichemi
1517 2258 1682 2364 datum
1710 2244 1816 2365 Fer.¹

409 2399 535 2497 rariae
550 2432 681 2493 anno
703 2426 846 2513 ¹504·
871 2428 1009 2531 atque
1034 2386 1305 2519 hujusmodi
1325 2397 1614 2512 estzNaturae
1639 2426 1814 2505 cratem

408 2530 603 2638 noiimm
615 2532 857 2669 plurimum
880 2532 1052 2647 debere,
1083 2526 1282 2663 uemoest
1315 2541 1391 2675 qui
1411 2563 1554 2665 neget,
1586 2531 1814 2671 cruditifft-

403 2704 473 2772 me
505 2666 793 2807 Praecquror,
829 2706 924 2809 quae
943 2663 1305 2805 fulgrnrrffimum
1334 2677 1650 2778 Grammatico
1671 2669 1818 2813 sydus

401 2804 593 2913 Paulum
617 2810 864 2945 produxit,
898 2807 1030 2910 Idex
1047 2801 1291 2947 niridffmo
1309 2811 1443 2947 Opere
1465 2820 1514 2917 in
1533 2810 1673 2916 lucem
1697 2811 1812 2918 edim

397 2944 611 3085 perspicue
622 2945 685 3077 est
699 2945 959 3084 conspicere,
973 2946 1087 3084 quod
1101 2945 1303 3050 laudibus
1326 2953 1529 3053 extollere
1535 2948 1815 3093 strprrstuum

401 3080 475 3223 effe
501 3084 668 3216 censeo,
703 3094 804 3221 quia
828 3120 887 3183 ax
909 3085 962 3214 se
994 3084 1120 3220 quale
1170 3118 1239 3202 u,
1263 3084 1384 3216 statis
1405 3090 1622 3228 fiaperque
1648 3118 1780 3228 pater
1793 3109 1814 3193 .·

402 3218 535 3324 Pauli
559 3220 719 3323 Suardi
746 3226 954 3319 Brixiani
983 3226 1275 3319 mentionem
1312 3230 1484 3345 injicit,
1520 3258 1575 3323 ut
1592 3226 1717 3325 'mox
1739 3234 1809 3326 vi-

401 3355 652 3475 debimus,
677 3365 727 3456 in
749 3350 831 3455 suo
848 3359 1082 3452 Mercurio
1099 3355 1813 3492 Augustinussaturnius‚eum-

404 3536 496 3642 que
519 3493 753 3636 insignem
778 3498 1158 3593 Grammaticum
1172 3487 1401 3628 appellat.
1438 3498 1682 3627 Qonitm
1700 3528 1811 3599 vero·

403 3633 725 3767 hujuscemodi
743 3641 876 3774 Opus
892 3626 1020 3731 Pauli
1035 3627 1199 3732 Suardi
1219 3622 1433 3752 nancisci,
1458 3629 1672 3736 nondum
1691 3632 1814 3740 mihi

401 3784 631 3914 contigit,
666 3812 725 3876 ne
748 3780 950 3873 omnino
972 3762 1175 3886 cursim,
1194 3772 1260 3870 ’δι
1279 3762 1482 3874 breviter
1506 3783 1603 3898 ejus
1635 3809 1813 3906 nornen

403 3913 596 4057 attigisse
633 3909 828 4028 videar,
862 3903 1186 4009 exhibendam·
1214 3905 1303 4024 hoc
1338 3905 1441 4011 loco
1477 3950 1593 4050 puto
1629 3947 1811 4052 partem

402 4052 644 4197 quandam
665 4043 879 4188 Epistola
893 4041 960 4149 ab
982 4041 1211 4187 ipsodatae
1233 4046 1291 4143 ad
1316 4055 1502 4146 Petrum
1524 4042 1808 4171 federicum,

402 4212 452 4297 &
475 4233 529 4296 ex
561 4232 616 4295 eo
633 4182 749 4333 ipso.
766 4184 1011 4291 volumine
1033 4258 1050 4304 ‚
1084 4182 1210 4284 unde
1230 4177 1459 4285 Cathanei
1479 4179 1809 4287 testimonium

397 4341 719 4448 recitavimus,
735 4323 1017 4468 desumptas
1055 4354 1231 4461 partem
1258 4326 1485 4463 inquam,
1509 4319 1807 4463 posteriorem

399 4473 604 4594 sci-licet,
637 4479 693 4572 in
727 4504 821 4609 qua
845 4540 862 4586 ‚
896 4462 999 4610 post
1034 4454 1279 4563 celebratas
1301 4465 1358 4563 in
1381 4466 1528 4602 priore
1547 4457 1810 4565 [Bccichemi

401 4609 589 4733 laudes,
620 4640 960 4751 argumentum
982 4606 1149 4709 tratiat
1162 4675 1180 4722 ‚
1206 4598 1334 4704 haud
1363 4595 1573 4743 proerto
1593 4596 1813 4706 alienum*

400 4790 428 4851 a
457 4757 781 4855 Grammaticae
805 4740 1038 4849 facultatis
1065 4734 1345 4861 Professore,
1379 4737 1585 4847 alienum
1624 4776 1810 4859 tamen,

402 4924 456 4990 ut
476 4922 643 4989 verum
672 4885 854 5006 fatear,
891 4924 917 4985 a
951 4884 1220 4985 dodiiorum
1247 4888 1676 4989 Grammaticorum
1714 4874 1813 4985 serr·

404 5035 590 5137 tentia.
638 5024 928 5132 Gratificatus
963 5018 1095 5131 fuiffe
1138 5023 1321 5128 videtur
1356 5030 1408 5126 in
1437 5060 1498 5128 eo
1527 5051 1814 5163 :argumento

981 5220 985 5227 ·
1655 5190 1745 5251 tta·
