4459 6750
719 923 776 1003 3²
1053 865 1161 975 M:
1208 861 1265 973 A
1295 865 1411 970 'CC
1444 863 1560 968 ΙΙ]
1574 864 1627 965 S

563 1056 565 1059 ’
642 1011 874 1134 posteritati
918 1003 1107 1095 traderet
1138 1059 1174 1110 .Α
1206 1000 1384 1114 Qum·
1408 1024 1555 1107 autem
1583 996 1760 1101 ‚nolitis
1786 983 2065 1106 temporibus

642 1130 779 1216 omnia
810 1123 898 1209 fere
920 1118 1157 1215 volumina,
1187 1120 1346 1226 partim
1364 1111 1633 1200 librariorum
1660 1112 1860 1210 inscitia,
1895 1103 2061 1220 partim

641 1233 937 1350 impressorum
964 1228 1235 1339 negligentia,
1263 1248 1337 1312 aut
1359 1248 1602 1337 temporum
1621 1226 1727 1307 vitio
1741 1276 1754 1320 ,
1788 1217 1959 1330 magnis
1979 1213 2061 1303 sca·

641 1369 762 1434 teant
788 1342 1029 1440 erroribus,
1056 1342 1191 1422 omnis
1218 1337 1611 1422 Grammaticorum
1630 1332 1781 1430 turba,
1811 1357 1898 1414 non
1917 1325 2060 1413 solum

643 1457 885 1553 sordidior,
921 1451 991 1535 sed
1007 1502 1023 1552 ,
1056 1448 1085 1531 st
1112 1451 1191 1531 diis
1217 1448 1389 1560 placet,
1425 1454 1556 1531 etiam
1587 1445 1746 1530 lautior.
1774 1441 1887 1527 hanc
1915 1462 2059 1533 emen·

644 1569 772 1666 dandi
809 1561 1152 1667 consuetudinem
1182 1561 1243 1642 ita
1281 1559 1405 1643 avide
1440 1555 1592 1657 fovet,
1624 1557 1859 1652 obseruat,
1889 1548 1944 1635 ἃ
1973 1575 2058 1637 ant·

644 1679 875 1790 pledlitnr,
902 1693 952 1756 ut
981 1671 1037 1755 nil
1069 1667 1270 1780 superesse
1298 1694 1456 1779 putet,
1481 1667 1554 1753 nifi
1593 1670 1633 1751 in
1663 1662 1946 1752 emendandis
1976 1657 2058 1746 co·

645 1789 807 1874 dicibus
837 1783 987 1892 ingenii
1016 1778 1079 1864 sui
1110 1785 1215 1862 vires
1243 1778 1536 1879 ostentaverit,
1566 1778 1773 1888 malitque
1800 1776 1946 1860 aliena
1973 1796 2058 1858 cot·

645 1889 811 2008 sigere,
838 1919 968 2004 quam
998 1892 1071 1975 sua
1097 1891 1309 1999 prodere.
1362 1890 1454 2002 Ego
1486 1918 1656 2002 quoque
1695 1915 1787 1992 nnn⁸
1809 1889 1981 1974 invitus
2008 1878 2059 1966 ad

641 2006 953 2093 emendandum
980 2002 1185 2086 Plautum
1213 2027 1283 2083 me
1299 2002 1601 2100 adcinxeram,
1631 2021 1681 2085 ut
1711 1998 1908 2083 unusde
1937 2017 2059 2116 grege

641 2119 717 2219 illo
742 2115 910 2215 essem,
946 2139 996 2198 ac
1035 2112 1116 2198 tibi
1156 2111 1448 2197 Plautinarum
1475 2114 1723 2198 deliciarum
1762 2105 2056 2193 liudinfilltmo
2095 2210 2097 2214 Δ

642 2254 806 2312 morem
825 2251 1011 2335 gererem
1018 2253 1033 2326 3
1062 2221 1134 2304 sed
1156 2219 1324 2322 Pyladae
1345 2221 1530 2330 Brixiani
1549 2220 1866 2306 lucubrationes
1882 2244 1963 2302 me
1982 2214 2058 2301 boc
2095 2238 2097 2242 ’

642 2365 768 2423 nnete
797 2339 1025 2432 levarunt,
1065 2353 1233 2414 tantum
1272 2338 1474 2433 nominis,
1505 2360 1554 2418 ac
1589 2329 1857 2417 audiotitatis
1888 2328 2057 2437 adepte

640 2447 756 2560 apud
786 2446 1101 2529 Grammaticos
1131 2442 1395 2542 semitarios,
1421 2449 1565 2527 omnia
1594 2441 1708 2554 quast
1743 2466 1815 2551 pet
1843 2439 2051 2522 nebulam

638 2580 877 2654 cernentes,
908 2578 957 2638 ut
976 2555 1084 2636 solus
1102 2553 1173 2637 hic
1192 2553 1407 2638 Plautinos
1425 2554 1556 2652 sales,
1575 2552 1623 2638 &
1643 2576 1838 2637 numeros
1868 2549 1931 2634 ab
1960 2546 2055 2634 inse

639 2673 696 2756 ris
717 2666 922 2752 revocasse
941 2686 1144 2775 putetur.
1173 2665 1279 2749 Sunt
1301 2689 1468 2767 tamen,
1497 2663 1696 2749 siverunt
1725 2657 1851 2747 fateri
1874 2659 2055 2753 volueri,

636 2781 733 2868 'tuus
743 2836 757 2879 ,
776 2805 857 2861 non
877 2779 1487 2885 indignae'cognitinne,utpote
1505 2783 1604 2888 quin
1639 2779 1789 2861 nennio
1806 2769 2055 2875 elaborata,

602 2963 605 2969 ,
639 2889 837 2971 necdum
856 2885 1085 2970 absolute.
1116 2885 1168 2969 In
1196 2887 1260 2969 his
1278 2907 1419 2971 tamen
1441 2891 1579 2972 multa
1605 2805 1729 2986 sunt,
1755 2911 1853 2996 qnae
1872 2883 2054 2994 probes,

639 2999 909 3106 ¹multa,quae
927 2996 1121 3094 damnes,-
1138 3023 1188 3080 ac
1207 2995 1823 3108 rejicias,dubitesque,utrum
1842 2998 1959 3081 vitia
1975 3006 2056 3093 ,an

639 3109 821 3192 virtutes
838 3104 1032 3208 majores.
1064 3103 1208 3205 Nam,
1224 3105 1296 3190 nifi
1315 3135 1387 3191 me
1404 3109 1544 3218 gustus
1565 3111 1701 3206 fallit,
1729 3109 1833 3193 dum
1853 3105 2056 3208 Codices,

641 3238 886 3329 temporum
911 3217 1099 3318 injuria,
1138 3218 1335 3302 labefacli
1362 3272 1377 3318 ,
1402 3219 1689 3348 §eplerisque
1715 3223 1757 3302 in
1785 3216 2057 3316 locis-exest,

629 3355 831 3416 numeros
871 3329 1098 3441 supplete,
1137 3354 1187 3412 ac
1225 3333 1266 3412 in
1306 3329 1526 3440 pristinum
1565 3335 1749 3414 nitorem
1792 3327 2023 3413 restituere
2045 3384 2056 3429 ,

633 3438 854 3545 sensusque
871 3469 948 3544 pro
979 3439 1148 3533 libidine
1177 3439 1327 3522 elicere
1347 3466 1525 3522 conatur
1555 3443 1689 3545 usque
1709 3442 1766 3525 ad*
1781 3441 1946 3523 vitium
1966 3438 2058 3526 dili·

630 3558 755 3656 gens,
775 3550 912 3625 multa
935 3542 1079 3629 addit,
1099 3547 1238 3626 multa
1259 3550 1458 3647 invertit,
1487 3575 1537 3634 ac
1556 3550 1693 3655 delet;
1724 3548 1935 3653 majorem
1960 3573 2052 3666 plor

635 3653 841 3739 euldubio
860 3655 921 3737 illi
942 3651 1114 3735 laudem
1134 3654 1432 3748 conciliatura,
1463 3656 1518 3754 fi,
1549 3675 1611 3744 uti
1631 3685 1751 3747 erant
1770 3661 1935 3748 intras
1947 3669 1979 3761 ,”
1995 3686 2051 3748 re·

637 3760 840 3873 liquisset.
869 3762 983 3847 Illud
1005 3790 1084 3845 non
1102 3787 1213 3874 queo
1230 3763 1327 3848 satis
1347 3772 1493 3853 mirari
1514 3775 1654 3870 ,unde
1673 3772 1770 3873 bie,
1790 3769 2054 3887 &plerique

635 3871 709 3958 lilii
738 3892 805 3956 tot
833 3876 1006 3984 antiqua
1038 3872 1180 3959 Plauti
1209 3879 1468 3987 exemplaria
1497 3881 1726 3970 habuerint
1758 3943 1772 3987 ,
1806 3884 2054 3972 testimonio

629 4011 820 4097 quornm
839 3985 1153 4070 emendationes
1180 3984 1272 4071 suas
1299 3989 1588 4092 confirmant,
1619 4024 1719 4082 cum
1740 3992 1857 4083 mibi·
1883 4021 1972 4081 non
2000 3993 2055 4079 sn·

631 4087 725 4185 lutn
747 4096 914 4197 ltaliae,
944 4096 1015 4181 sed
1035 4096 1127 4214 sere
1142 4103 1275 4181 totius
1300 4098 1478 4215 Europae
1499 4104 1788 4195 Bibliothecas
1805 4105 2049 4208 excutienti

629 4210 708 4291 vix
727 4233 885 4307 unum,
903 4232 978 4292 aut
995 4210 1183 4294 alterum
1203 4208 1406 4296 hailenus
1430 4217 1570 4299 videre
1589 4221 1835 4330 contigerit.
1866 4215 2053 4318 Verum,

631 4339 684 4402 nt
705 4316 902 4419 aPylade
925 4346 1144 4429 perperam
1163 4322 1408 4424 emendata,
1431 4322 1480 4410 dt
1501 4334 1752 4430 temerarie,
1778 4332 1988 4446 citraque.
1998 4328 2053 4417 ul·

629 4425 726 4535 lum
747 4432 954 4539 pudorem
973 4431 1143 4533 addita,
1159 4455 1238 4518 aut
1259 4435 1371 4517 male
1387 4440 1496 4521 inter
1528 4462 1665 4525 retata
1686 4442 1827 4553 palam
1847 4440 2052 4541 facerem,

632 4551 715 4621 'una
733 4542 843 4624 ratio
863 4539 1089 4643 suadebat;
1113 4551 1216 4654 qnia
1237 4465 1532 4657 sumptuosi
1546 4555 1737 4660 quadam
1756 4552 2049 4659 adAloysrutn

629 4648 885 4734 'Dardanum
900 4652 1137 4753 Venerunt,
1154 4656 1321 4765 indigne
1331 4714 1344 4756 ,
1360 4656 1708 4771 illiberaliterqne
1728 4664 1806 4748 stili
1826 4692 1971 4753 acrem
1998 4667 2051 4751 di·

630 4760 796 4844 sirinx'it
811 4763 854 4845 in
879 4763 1113 4872 Georgium
1128 4765 1343 4851 Merulam
1360 4768 1697 4858 Aierrandrinum
1716 4779 1946 4869 συμπολῖιην
1970 4774 2048 4871 stit,

628 4870 678 4954 dt
688 4874 994 4982 praeeeptoreni
1001 4888 1145 4961 meum
1157 4936 1170 4977 ,
1184 4878 1336 4962 Virum
1359 4877 1480 4986 plane
1499 4880 1676 4970 dodlum
1688 4945 1700 4985 ,
1712 4882 1761 4970 dc
1780 4881 1873 4992 ipso
1890 4883 2048 4989 Pylade

627 4983 751 5096 longe
769 4982 1041 5083 dodtiorem,
1069 4991 1137 5071 cui
1158 4990 1361 5101 quicquid
1383 4987 1606 5094 doditinae,
1634 5019 1710 5082 aut
1726 4995 1878 5097 judicit
1910 4998 1958 5081 in
1976 5022 2050 5097 -me

623 5092 1132 5209 ·est·,acceptum·refero.
1160 5101 1311 5187 Altera
1331 5097 1681 5209 dissuadebat,.ne
1697 5106 1806 5193 milri
1825 5109 1943 5192 virio
1956 5129 2048 5196 ⁴vet·

699 5237 709 5247 ·
1880 5240 1998 5306 tere·
