4459 6750
653 960 1221 1064 SYNOPSIS.
1472 980 1569 1088 171‘

225 1090 356 1174 Aliam
374 1085 616 1201 vetusliorem
635 1095 803 1202 defiguat
830 1100 974 1178 Badius
1000 1096 1185 1206 Ascensus
1207 1154 1219 1193 ,
1242 1101 1310 1200 qui
1330 1127 1380 1183 ea
1399 1110 1636 1190 Commenta·

220 1211 283 1282 ria
292 1199 378 1308 sua
391 1202 569 1302 Eurum·
586 1200 762 1310 inseruit.
795 1209 839 1280 In
861 1205 1025 1316 Epistola
1043 1213 1086 1286 N
1091 1214 1344 1310 uncupatoria
1360 1212 1419 1290 ad
1434 1221 1635 1316 Senatum,

221 1311 487 1418 populumque
506 1309 756 1408 Brixianam,
783 1316 1032 1396 Britannicus
1060 1319 1200 1396 iterum
1232 1324 1401 1402 meminit
1431 1308 1633 1438 amplifflrni

220 1430 393 1504 merueris
415 1482 427 1520 ‚
455 1451 527 1526 quo
542 1419 709 1504 donatus
721 1420 860 1530 suerat
880 1424 922 1506 ob
941 1423 1109 1533 Persum
1129 1426 1251 1509 eidem
1269 1428 1443 1512 dicatum
1459 1491 1474 1515 ..
1505 1432 1635 1549 Affer-

224 1555 360 1615 turea
381 1531 545 1644 Epislola
569 1560 614 1613 ex
635 1537 826 1614 Brixiaua
854 1564 917 1615 an.
948 1560 1063 1637 1501.
1089 1537 1300 1621 Editioue.
1339 1544 1386 1620 ln
1410 1545 1632 1624 Britannici

224 1642 382 1724 laudem
401 1648 593 1723 recitatur
618 1646 865 1748 Epigramma
887 1645 1079 1754 Pamphili
1097 1652 1219 1728 Saxi.
1250 1652 1373 1748 Hujus
1404 1650 1489 1733 laus
1515 1683 1542 1732 a
1561 1658 1633 1733 Be·

222 1751 405 1836 ciehemo.
431 1751 661 1855 Calphurnii
672 1755 886 1852 judicium,
913 1783 985 1859 quo
1008 1761 1175 1843 Domitii
1198 1760 1431 1865 exposttioues
1448 1769 1487 1839 iu
1507 1764 1631 1859 Juve-

224 1861 352 1945 nalcm
367 1867 504 1944 ceteris
519 1860 814 1970 preferuntur,
844 1871 1113 1949 Britannicum
1131 1870 1281 1950 minime
1301 1866 1447 1978 respicit
1461 1872 1632 1980 ,[σΔΑπ·

220 1970 346 2078 gelum
359 1969 571 2081 Sabinum,
587 1969 631 2053 θ
647 1974 757 2055 alios.
789 1976 971 2082 Georgius
993 1979 1150 2060 Merula
1179 1998 1263 2059 tam
1284 1984 1633 2084 Domitium,quam

226 2082 411 2166 Sabinum
425 2081 665 2196 perslringit.
697 2088 869 2164 Domitio
894 2085 1055 2193 infensus
1083 2115 1228 2190 quoque
1250 2088 1493 2185 Politiauus,
1520 2118 1631 2194 quem

220 2213 594 2300 tamen-magnopere
611 2190 773 2274 laudat.
806 2197 933 2299 Magis
950 2196 1077 2279 adhuc
1097 2227 1124 2275 a
1143 2200 1262 2279 Lucio
1285 2196 1514 2309 Phosphoro,
1538 2205 1630 2305 Epi·

213 2301 322 2416 scopo
341 2304 521 2411 Signino,
554 2307 744 2383 Domitius
763 2302 977 2387 laudatur.
1013 2305 1243 2410 Calphurnil
1253 2306 1445 2404 juditium
1466 2316 1627 2390 Britan·

218 2417 294 2493 uici
303 2416 672 2499 Commentariorum
685 2409 903 2496 Editionem
913 2410 1023 2523 sorte
1038 2413 1231 2521 praeoeffit.
1262 2415 1517 2521 Calpburnius
1539 2417 1628 2502 obiit

206 2519 372 2628 sedente
388 2525 506 2610 Petro
534 2526 693 2604 Barosio
718 2527 757 2601 iu
785 2522 991 2606 Cathedra
1014 2525 1244 2606 Patavina.
1274 2530 1496 2608 Britannici
1517 2532 1627 2607 Com·

215 2638 418 2716 mentario
442 2640 483 2715 ia
516 2629 842 2745 Amstelodamcnst
866 2660 951 2716 cum
982 2640 1024 2714 N
1025 2640 1095 2717 otis
1114 2639 1317 2715 Variorum
1337 2632 1520 2717 Editione
1544 2635 1630 2749 pas·

206 2739 280 2846 fin
298 2743 553 2853 allegantur,
580 2740 896 2843 quemadmodum
916 2747 1201 2826 commentaria
1220 2743 1382 2852 ejusdem
1398 2749 1440 2825 ia
1452 2749 1628 2829 Statium

215 2858 257 2931 iu
278 2853 464 2939 Editione
481 2858 605 2937 Statii
626 2853 805 2959 Lugduni
831 2858 1100 2934 Batauorum.
1130 2858 1418 2945 Commentariu
1444 2859 1484 2933 iu
1504 2856 1629 2950 Juve·

218 2962 354 3051 nuens
364 2967 520 3049 celerius
537 2959 654 3068 enisu
679 2965 892 3060 Domitius,
920 2981 965 3043 ut
988 2967 1126 3045 Marco
1139 2961 1297 3059 Aurelio
1311 2961 1628 3076 gratificaretur.

223 3077 284 3153 M.
294 3075 471 3175 Aurelii,
490 3072 630 3157 Scriba
651 3077 785 3154 Veneti
794 3130 807 3169 ,
825 3072 934 3168 laus,
952 3069 1003 3156 de
1020 3099 1091 3174 quo
1111 3077 1231 3156 etiam
1250 3077 1291 3153 in
1302 3079 1462 3156 Lucano
1479 3080 1629 3160 mentio.

631 3289 1219 3379 MARTIALIS.

289 3520 458 3602 Domitii
484 3519 769 3601 Commentario
803 3518 842 3595 in
872 3514 1104 3599 Martialem
1134 3519 1298 3609 cereris,
1325 3545 1410 3621 qua
1437 3516 1630 3616 uiderat,

214 3623 467 3739 preferenda
482 3625 624 3738 censuit
642 3623 915 3731 Calphurnios.
945 3623 1129 3709 Nicolaus
1148 3623 1310 3712 Perosus
1329 3630 1630 3735 Epigrammata

223 3739 435 3823 Martialis
455 3741 496 3819 in
507 3735 725 3822 Academia
745 3739 921 3817 Romana
936 3734 1141 3820 leliitabat
1169 3766 1210 3819 eo
1228 3737 1300 3849 ipss
1330 3759 1526 3845 tempore,
1557 3767 1629 3841 quo

226 3854 442 3936 Domitius.
476 3854 519 3932 A
541 3847 678 3931 Peroto
700 3846 880 3960 laceffitus
903 3852 1092 3928 Domitius
1109 3846 1248 3951 duplex
1259 3853 1452 3953 Scriptum
1470 3855 1631 3955 opponit,

214 3962 297 4073 sui·
312 3955 574 4071 Defensouem
599 4016 614 4056 ,
643 3957 687 4043 (t
716 3960 1073 4041 Recrimirsationem
1105 3955 1326 4037 Plinianans
1365 3962 1632 4059 complectens,

216 4097 343 4166 ¹unum
361 4068 529 4158 Corelio.
561 4066 676 4153 aliud
693 4066 807 4164 Heli,
836 4062 878 4150 (t
899 4074 1035 4148 Marco
1058 4063 1542 4175 Phosphoro-nuncupauit.
1565 4074 1632 4147 De

216 4179 415 4265 ”Plenum
428 4178 615 4265 Editione
642 4206 669 4261 a
688 4178 826 4263 Peroto
846 4176 1080 4283 reprobata,
1104 4173 1146 4256 (5
1168 4174 1217 4258 dc
1235 4172 1341 4270 alia,
1369 4172 1634 4273 cujmmtada
1758 4176 1760 4179 ’

220 4288 366 4376 Peroto
385 4318 414 4375 a
432 4295 604 4374 Domitio
620 4287 925 4395 exprobrantur.
954 4288 1115 4369 Brothei
1140 4313 1272 4370 nomen
1293 4280 1431 4366 Peroto
1462 4280 1635 4391 imposuit

219 4407 451 4499 Domitius,
479 4431 552 4484 non
574 4403 608 4481 F
609 4397 773 4483 identini
785 4458 796 4495 ,
826 4394 932 4503 quod
944 4395 1081 4478 Sabino
1099 4404 1278 4502 aptavit.
1308 4392 1609 4498 LocusGyraldi
1621 4450 1634 4495 ,

213 4512 469 4618 undealiqui
485 4517 526 4594 in
544 4539 708 4596 errorem
724 4507 894 4591 indul'li.
927 4505 1067 4611 Pyrrhi
1077 4507 1211 4592 Perori
1234 4512 1275 4588 iu
1301 4511 1511 4587 Domitium
1531 4511 1636 4592 iuves

223 4621 368 4707 liius.
398 4629 579 4732 Georgius
593 4621 747 4705 Merula
764 4625 805 4699 iu
818 4616 1009 4702 Martiale
1026 4618 1309 4702 commentando
1328 4648 1354 4698 a
1378 4620 1547 4701 Domitio
1566 4614 1637 4729 dis·

213 4728 373 4844 sentite
394 4731 607 4818 Politianus
618 4730 783 4815 Merula
794 4729 930 4841 savit,
941 4728 1113 4812 Vitellius
1131 4735 1296 4810 Domitio
1314 4789 1321 4804 .
1356 4733 1460 4810 Laus
1472 4729 1637 4811 Domitii

223 4845 386 4926 aLutio
407 4839 633 4953 Phosphoro.
664 4840 893 4949 calphurnii
908 4837 1098 4939 judicium
1121 4841 1316 4922 Merulam
1336 4869 1406 4921 non
1424 4836 1644 4948 artigia&-

208 4951 337 5065 forte
362 4978 429 5036 nec
445 4951 657 5038 Perotum.
685 4958 794 5034 Laus
815 4954 1003 5046 Domitii,
1028 4949 1160 5033 Perosi
1172 5010 1184 5049 ,
1209 4952 1342 5032 Sabini
1355 4950 1640 5049 ,Merula‚W·

209 5060 333 5149 telus·
358 5091 389 5145 a
405 5068 578 5149 Guarino
594 5062 802 5170 Veronense
821 5119 828 5135 .
861 5062 925 5144 Ab
945 5057 1073 5144 codem
1102 5085 1324 5168 magnopere
1350 5057 1640 5144 commendatur

205 5169 482 5370 Calpqurnius
502 5235 515 5276 ,
543 5182 584 5258 in
600 5176 705 5277 cujus
721 5170 875 5257 laudem
895 5176 1085 5259 recitatur
1102 5169 1298 5283 distichum
1324 5167 1635 5364 appostqrgnssejus

202 5307 324 5371 ium
339 5319 381 5372 0·
1566 5331 1578 5350 ⁰
