4459 6750
846 863 890 1000 P
917 869 957 972 O
990 865 1041 976 Ε
1075 870 1134 977 T
1153 867 1185 971 I
1216 858 1349 980 CA
1644 892 1745 992 n67

402 1013 513 1131 lium
530 1038 608 1140 non
629 999 786 1144 injuria
802 1043 1002 1142 auretam,
1015 1050 1066 1114 ac
1072 1046 1313 1145 gemmeum
1332 1008 1418 1125 dici
1435 1036 1676 1119 mereatur.
1689 1021 1819 1118 Teo:

400 1150 508 1266 dem
530 1152 781 1275 Quintiani
802 1143 1068 1291 Cieopoiim
1096 1159 1419 1290 perenniorem
1448 1148 1683 1254 affirmans
1709 1152 1823 1292 ipsae

383 1284 608 1391 ·Parisrnae
625 1283 763 1416 Urbis
785 1288 1141 1428 magnificentiis
1166 1367 1182 1409 ,
1236 1330 1304 1395 uae
1338 1287 1504 1417 scilicet
1528 1299 1594 1391 in·
1614 1288 1815 1417 fortunae

401 1463 551 1530 manu
574 1422 680 1526 sunt
698 1424 885 1544 srtae,de
905 1465 961 1523 eo
975 1329 1307 1540 Poemateboc
1320 1429 1585 1549 Disticburn
1608 1414 1819 1574 apponite

478 1564 642 1684 Vivet,
664 1569 723 1670 (9¹
746 1571 895 1670 eterni
918 1571 1073 1670 merito
1099 1560 1342 1695 reserentur
1364 1564 1566 1689 bonores,

555 1710 686 1818 Dum
708 1694 837 1839 bifida
864 1704 972 1804 lenis
992 1705 1037 1804 S
1036 1739 1056 1803 e
1088 1741 1199 1810 uuna
1227 1730 1373 1815 curret
1397 1743 1533 1846 aqua.

411 1839 574 1946 Gallos
598 1854 713 1942 Stoae
740 1840 887 1941 nostri
915 1741 1091 1953 visendi
1112 1839 1243 1959 causa
1269 1850 1503 1966 Brixiam,
1534 1858 1582 1953 dt
1603 1853 1820 1982 Qintia.

407 2019 531 2086 num
550 1975 788 2099 accessrffe,
813 1975 1018 2121 superius
1039 1985 1245 2085 diximus
1266 1982 1605 2089 teste'Planerio
1629 1995 1680 2088 in
1711 1997 1821 2128 Epi-

413 2122 566 2227 stolis.
607 2128 671 2221 At
709 2158 858 2259 neque
881 2125 1018 2263 apud
1052 2120 1344 2248 Planerium,
1375 2163 1525 2267 neque
1546 2126 1670 2266 apud
1701 2163 1824 2230 vete·-
1947 2117 1963 2128 ’

416 2300 519 2366 rem
555 2257 706 2360 alium
729 2269 1003 2401 Scriptorem
1026 2274 1203 2405 'reperio
1224 2266 1472 2388 testatum,
1499 2261 1634 2367 fuisse
1664 2279 1823 2370 Stoam

418 2395 678 2506 Parisrenfis
701 2399 1021 2505 Universrtatis
1044 2414 1293 2508 Rectorem
1316 2483 1331 2528 ,
1354 2447 1405 2507 ac
1425 2402 1642 2510 Francisci
1662 2419 1696 2507 1.
1712 2419 1824 2514 Prac-

417 2578 655 2682 ceptorem
675 2617 690 2662 ,
711 2579 852 2684 quare
874 2541 1017 2672 hujus
1039 2553 1105 2647 rei
1125 2542 1238 2649 fides
1257 2582 1351 2650 tota
1377 2585 1515 2688 penes
1534 2561 1632 2673 ejus
1653 2583 1830 2648 couter-

424 2720 599 2785 raneos.

494 2834 549 2924 ΙΙ.
580 2821 766 2922 Faustus
781 2817 988 2945 Sabaeur,
1014 2825 1192 2972 dequo
1214 2829 1361 2939 modo
1381 2828 1534 2933 dicere
1557 2827 1833 2968 aggredior,

417 2960 592 3082 Clarii,
614 2970 940 3065 Brixianorum
969 2977 1256 3109 municipio,
1270 3005 1434 3089 natuS,
1451 2975 1588 3094 jadat
1608 2972 1835 3107 augustos

423 3123 471 3211 &
496 3099 615 3242 ipse,
650 3105 1059 3238 quemadmodum
1084 3120 1375 3261 Qintianus
1398 3123 1542 3228 Stoa,
1589 3117 1640 3208 in
1664 3106 1833 3205 Galliis

421 3251 735 3358 MecoenateS,
750 3251 903 3379 Reges
918 3250 1152 3353 nimitum
1168 3258 1250 3345 Fra
1258 3244 1465 3353 nc'scum
1480 3320 1495 3361 ,
1512 3263 1558 3341 &
1575 3253 1839 3353 Henricum

427 3386 572 3509 hujus
602 3376 789 3496 filium,
816 3378 990 3517 quibus
1017 3393 1064 3477 dc
1084 3270 1353 3515 carminudy
1379 3376 1570 3490 suorum
1594 3374 1764 3496 libros,
1794 3393 1841 3477 δε

426 3517 632 3626 Arnobii
660 3514 872 3617 adversus
906 3552 1068 3655 gentes
1105 3512 1452 3654 Disputat'ones
1487 3556 1513 3615 a
1548 3511 1593 3615 se
1630 3523 1843 3655 primum

432 3663 579 3767 editas
599 3662 913 3795 nuncupavit,
951 3670 998 3755 δι
1021 3692 1232 3796 praeterea
1249 3554 1390 3782 jaciat
1414 3652 1483 3756 nil
1507 3664 1684 3775 minus,
1694 3689 1845 3796 quam

430 3801 606 3943 septem
633 3809 878 3898 Romanos
903 3794 1182 3914 Pontifices,
1204 3835 1340 3933 penes
1364 3834 1482 3935 quos
1508 3805 1742 3901 Vaticana
1767 3806 1842 3898 Bi-

437 3938 682 4068 bliothecac¹
701 3934 920 4035 Custodis
937 3931 1089 4035 officio
1115 3931 1319 4036 *sununs
1339 3938 1432 4053 est,
1468 3943 1643 4073 quique
1673 3974 1755 4072 pro
1790 3977 1844 4036 ea

437 4076 793 4222 amplificanda,
827 4072 1065 4177 codicibus
1101 4073 1271 4175 scilicet
1308 4075 1661 4211 comparandis,
1690 4081 1846 4213 impo-

437 4225 574 4327 fitam
603 4215 686 4320 fibi
709 4218 768 4317 ad
795 4252 1021 4319 extremas
1047 4210 1192 4356 usque
1219 4218 1566 4353 Sepoerntrionis
1588 4210 1745 4351 plagas
1774 4209 1845 4312 le-'

445 4371 685 4505 gerionem
704 4353 879 4459 obivit:
916 4366 1027 4485 Haec
1047 4364 1211 4457 Lector
1240 4354 1359 4460 dum
1379 4358 1542 4492 accipis
1568 4428 1583 4473 ,
1619 4386 1736 4496 aegte
1760 4348 1847 4453 tibi

478 4499 757 4632 ersuadebis,
785 4497 1002 4599 Faustum
1029 4496 1241 4619 nostrum
1258 4571 1275 4617 ,
1292 4530 1359 4612 tot
1377 4499 1670 4640 patrociniis,
1694 4527 1763 4600 tot
1790 4489 1879 4592 la-'

442 4546 639 4747 boribus
654 4623 889 4791 infignem
906 4714 921 4760 ‚
936 4634 1006 4740 nil
1031 4633 1320 4777 frequentius
1341 4633 1730 4772 cecinisse,quam
1754 4640 1857 4733 ino-

448 4795 582 4929 piam
599 4766 727 4895 suam
743 4816 911 4920 ,atque
934 4775 1257 4898 esuritionem,
1278 4774 1398 4877 banc
1413 4768 1615 4917 qubeum
1637 4767 1858 4909 adegisse,

377 4945 383 5040 ἰ
448 4964 505 5028 ut
535 4926 708 5063 poetica
741 4916 917 5059 prorsus
950 4916 1158 5023 libertate
1186 4915 1257 5021 vel
1291 4912 1409 5058 ipsos
1436 4920 1719 5016 Mecoenates
1753 4906 1855 5008 suos

370 5064 384 5162 i
441 5065 604 5177 facetis
633 5062 853 5203 quidem,
879 5056 964 5174 ‚sed
985 5056 1156 5163 acerbis
1185 5065 1493 5200 querimoniis
1513 5050 1813 5155 obtunderet.

370 5235 385 5304 ι
554 5308 579 5320 ,Ι
1666 5195 1783 5284 Fau.

370 5357 393 5447 ’1
