4459 6750
711 904 808 999 164
972 881 1050 983 M.
1087 877 1246 988 VAL.
1283 872 1708 1004 MARTIAL.

636 1060 734 1161 quo
757 1018 933 1120 ibidem
950 1016 1297 1157 calphurnium
1319 1024 1511 1123 donavit
1530 1031 1787 1139 Guarinus,
1804 1018 2045 1144 hujusmc»

631 1162 774 1260 diest
801 1234 816 1277 ‚
853 1192 905 1255 ut
927 1154 1108 1256 duabus
1143 1156 1427 1260 dictionibus
1452 1168 1673 1258 eximiam
1707 1156 1888 1259 laudem
1909 1200 2043 1261 com<

634 1299 888 1437 pleuatun
915 1298 1033 1425 Quid
1053 1298 1319 1530 Calfhurnio
1338 1293 1565 1434 copiofius?
1583 1299 1744 1436 quidve
1764 1300 2000 1401 eruditius?

599 1526 603 1534 ,
696 1444 889 1535 Utinam
916 1472 1013 1533 non
1044 1474 1099 1532 eo
1148 1430 1276 1533 uillet
1291 1444 1482 1571 ingenio
1497 1432 1980 1574 Calphurniu5‚quod
2007 1480 2034 1536 a

629 1581 775 1673 Pierio
797 1568 1045 1672 Valeriano
1068 1572 1359 1709 perstriCtum
1391 1568 1504 1669 alibi
1532 1576 1738 1673 vidimus
1756 1651 1768 1694 ,
1783 1582 1866 1711 qui
1889 1582 2033 1674 nimi-

627 1748 733 1810 rum
752 1706 853 1808 latis
870 1706 1043 1809 habens
1059 1704 1336 1808 immensam
1352 1746 1508 1809 mente
1528 1706 1603 1808 sua
1620 1719 1887 1811 Minervam
1905 1750 2037 1812 com-

633 1848 770 1987 pledli
783 1921 797 1964 ,
820 1842 1020 1970 ejusdem
1047 1844 1188 1947 foetus
1209 1849 1362 1965 edere,
1377 1883 1539 1983 parum
1554 1921 1568 1964 ‚
1584 1881 1664 1944 aut
1684 1846 1806 1947 nihil
1831 1862 2038 1949 curavit.

630 1995 827 2087 Utinam
844 2023 941 2085 non
957 1980 1108 2084 solum
1128 1994 1178 2082 in
1192 1993 1393 2084 Domitii
1410 1995 1783 2085 Commentarios
1804 1988 2037 2109 judicium

627 2119 823 2240 tulillet,
845 2119 918 2222 sed
940 2125 1054 2222 alios
1077 2130 1229 2222 Marte
1255 2121 1336 2223 suo
1360 2120 1451 2261 ipse
1475 2118 1756 2225 elaborallet.
1789 2131 1856 2222 Hi
1880 2123 2036 2264 profe-

624 2271 702 2360 sto
722 2259 916 2397 dignam
942 2270 1100 2399 primae
1121 2258 1232 2376 huic
1253 2268 1521 2397 speciminis
1549 2260 1693 2360 nostri
1717 2269 1832 2401 parti
1852 2272 2034 2361 coroni-

622 2399 730 2497 dem
750 2406 1064 2535 imponetent;
1103 2434 1214 2497 nam
1236 2401 1295 2500 de
1309 2396 1599 2538 Calphurnio
1634 2433 1874 2501 canentem
1892 2398 2035 2501 Vale-

625 2546 810 2635 rianum
847 2531 1049 2675 superius
1074 2536 1364 2638 audivimus:
1537 2655 1544 2667 .
1868 2532 1874 2608 l

694 2677 873 2777 Sciebat
908 2678 981 2776 ille
1002 2678 1213 2815 quidquid
1233 2676 1291 2809 est
1308 2678 1422 2809 seiri
1442 2680 1597 2777 datum
1951 2685 1955 2690 ’

680 2813 747 2942 „In
782 2814 983 2944 expolitis
1012 2814 1294 2951 undecumque
1323 2817 1502 2929 literis,¹

691 2951 783 3047 Seu
808 2954 967 3047 Genea
993 2949 1158 3059 velles,
1172 2950 1253 3083 seu
1270 2950 1436 3049 Latina
1462 2948 1679 3084 pulberes.

624 3082 843 3184 Aliorum
866 3091 1004 3184 etiam
1036 3087 1094 3185 de
1134 3119 1191 3185 eo
1211 3085 1366 3188 laudes
1389 3082 1479 3184 suis
1503 3086 1611 3186 locis
1645 3094 1885 3226 attigimus
1898 3164 1912 3207 ,
1927 3127 2039 3189 nec-

623 3264 721 3324 non
747 3220 1007 3363 appofitum
1037 3225 1095 3324 ad
1115 3242 1213 3353 ejus
1239 3222 1481 3326 tumulum
1498 3226 1780 3347 distichum,
1804 3229 1931 3367 quod
1957 3241 2033 3327 in-

625 3399 813 3502 tegrum
846 3363 990 3464 modo
1027 3359 1313 3506 allegamus,
1338 3373 1491 3465 Graece
1513 3439 1528 3482 ,
1548 3381 1594 3465 δι
1617 3374 1811 3485 Latine,
1834 3403 1887 3466 ut
1913 3363 2035 3510 legi-

622 3539 698 3602 tur
728 3508 777 3598 in
803 3499 1006 3635 Templo
1021 3515 1061 3598 S.
1073 3508 1264 3617 Joannis
1289 3502 1345 3596 ad
1367 3503 1597 3600 Viridatia
1615 3512 1813 3604 Patavii:
1963 3621 1965 3625 ¹

691 3639 737 3735 T
737 3645 768 3735 n
792 3637 910 3733 πάνυ
932 3638 1145 3739 {munire
1169 3640 1425 3770 Καλπέρνε
1459 3634 1616 3739 innuis
1652 3652 1814 3771 σῶμα,

762 3774 962 3908 Φέρτερον
997 3781 1053 3872 eiu
1087 3779 1198 3877 uelis
1234 3777 1500 3916 πρόσλαβεν
1535 3775 1659 3912 &epu
1692 3785 1845 3918 μέρος.

694 3911 733 4010 C
735 3909 934 4047 alphurni
958 3915 1131 4015 Cineres
1154 3913 1264 4049 sunt
1287 3916 1382 4031 hic,
1410 3910 1599 4057 peffeffin
1630 3919 1802 4056 Olympi

769 4045 856 4184 Esl
879 4061 1072 4171 animus,
1093 4055 1258 4157 volitat
1281 4052 1414 4189 fama
1442 4083 1525 4192 per
1559 4091 1635 4161 orn
1671 4067 1843 4163 virum.

1007 4604 1161 4725 Finis
1191 4603 1385 4756 peimae
1418 4607 1632 4732 Paetis.
1694 4723 1696 4726 ,
