4459 6750
854 949 899 1060 P
934 953 975 1057 O
1009 949 1061 1060 Ε
1096 945 1207 1060 TI
1236 945 1364 1064 CA.
1653 950 1754 1072 '269

410 1097 478 1206 ibi
503 1095 780 1204 Flaminius:

579 1299 592 1326 .
621 1304 631 1322 .
660 1295 672 1322 .
700 1302 709 1320 .
745 1261 806 1323 nrt
831 1234 992 1324 cithara
1018 1232 1155 1319 benum
1174 1237 1378 1323 Gibertutn

580 1353 718 1452 Jnnat
746 1347 906 1446 dicere,
933 1351 1040 1445 cujus
1068 1345 1132 1426 bic
1157 1348 1302 1454 agellus

580 1461 687 1545 mbr·
714 1486 871 1541 munere
896 1475 1068 1560 partus,
1095 1449 1198 1535 bunc
1225 1455 1392 1646 almum

580 1571 652 1657 Ille
679 1568 802 1651 dunat
831 1562 995 1658 habere,
1022 1587 1095 1667 quo
1123 1588 1193 1645 nec
1220 1583 1325 1667 ater

579 1679 759 1767 Baccho,
789 1675 832 1760 (9
861 1672 1028 1758 Palladi
1048 1677 1226 1783 gratior,
1257 1701 1328 1760 net
1352 1672 1458 1761 alter

580 1792 701 1902 Musti
729 1794 841 1887 otia,
870 1788 914 1873 θ
935 1784 1085 1870 abditos
1111 1782 1266 1982 retegat

578 1899 736 1987 Praelct
763 1898 1025 1997 commodius,·
1053 1897 1162 1983 ntodo
1215 1926 1284 1999 ac,
1299 1896 1450 2010 benigni

575 2020 728 2097 Faxint
757 2017 912 2122 propria
932 2011 1045 2125 ,dona
1072 2011 1136 2112 di,
1167 2013 1324 2099 talenta

576 2124 695 2240 Croesi
726 2124 915 2237 despicio,
947 2122 1147 2232 Midaeque
1174 2152 1349 2210 acervos.

482 2285 615 2404 Quid
647 2289 706 2388 de
723 2280 942 2386 Bonfadii
963 2279 1090 2387 Poefi
1129 2281 1311 2387 senserit
1335 2276 1504 2383 Paulus
1526 2283 1774 2390 Manutius
1805 2332 1821 2413 ,

406 2426 578 2564 docent
604 2423 757 2530 versus
793 2423 852 2526 ab
884 2421 981 2564 ipso
1017 2427 1073 2529 de
1111 2439 1207 2556 ejus
1233 2458 1382 2530 morte
1407 2427 1675 2566 conicripci,
1702 2439 1822 2533 inter

402 2599 524 2701 quos
553 2566 607 2667 hi
640 2564 887 2706 leguntur:

575 2726 770 2815 Dulcibus
797 2733 840 2818 6*
861 2734 1049 2834 nuncrit,
1071 2734 1114 2822 (9
1133 2733 1237 2822 molli
1263 2733 1397 2820 dolius
1416 2760 1570 2835 auena,

575 2843 714 2957 ,Qum
730 2871 891 2933 caneret
913 2849 1040 2959 versut
1063 2846 1183 2956 Musti
1201 2907 1213 2946 ,
1234 2848 1276 2931 (9
1298 2849 1474 2956 Apolline
1491 2842 1643 2955 dignos,

572 2960 693 3039 Atrio
712 2953 850 3070 sacras
877 2956 1103 3066 descendere
1125 2963 1481 3058 montcCarnoenat‚

573 3075 713 3172 Atque
732 3067 915 3156 babitare
935 3093 1024 3169 tuo,
1047 3078 1222 3171 Benace,
1240 3074 1280 3153 in
1298 3072 1431 3157 littere
1445 3067 1567 3186 jufflt.

403 3204 608 3318 loannes
633 3235 825 3340 quoque
860 3199 1113 3304 Mattheus
1149 3197 1384 3301 Toscanus
1421 3210 1472 3299 in
1510 3195 1650 3330 Peplo
1682 3208 1820 3308 Italiae

402 3334 490 3437 lib.
524 3381 565 3458 3.
592 3339 876 3438 Bonfadium
910 3339 1000 3433 hoc
1020 3346 1373 3469 Epigrammate
1409 3328 1680 3432 celebravit:

514 3509 612 3586 Non
637 3509 762 3585 minuc
786 3503 976 3585 intumuit
1002 3522 1123 3605 nuper
1151 3504 1326 3581 Benacus
1343 3500 1493 3584 alumni

573 3611 783 3724 Bonfadii,
813 3640 863 3695 ac
883 3607 1023 3717 Mcustt,
1054 3608 1167 3691 doiie
1195 3605 1386 3709 Catulle,
1415 3614 1513 3693 tuit.

515 3728 584 3809 Bit
614 3746 748 3807 tamen
776 3722 947 3835 infelix:
975 3725 1111 3826 rapuit
1139 3747 1231 3803 narn
1252 3725 1380 3803 Roma
1407 3718 1610 3807 Catullum
1617 3753 1638 3824 ,·

577 3833 816 3938 Bonfadiurn
846 3828 948 3936 lethu
974 3830 1046 3910 das
1067 3889 1079 3927 ,
1100 3822 1290 3935 scelerate
1313 3836 1460 3940 Ligur.

510 3944 685 4055 Historia
713 3965 902 4026 aternum
927 3939 1058 4039 cujus,
1077 3936 1175 4049 fera
1194 3945 1486 4043 Genua,nivis,

574 4061 817 4140 Immeritunt
833 4050 945 4167 sava
970 4052 1051 4157 lege
1080 4078 1220 4134 nccare
1244 4058 1377 4156 potes?

399 4183 405 4193 '
494 4165 753 4362 'Mitiutyh
783 4164 890 4272 quod
911 4187 952 4249 tc
976 4159 1172 4268 spumanti
1203 4166 1347 4243 vortice
1373 4189 1542 4251 marmor

573 4286 666 4365 Tun
696 4286 755 4379 it,
786 4277 829 4362 (9
856 4307 893 4362 cr
911 4273 1074 4389 seopulis
1100 4272 1234 4358 durior
1265 4271 1346 4380 ipsa
1376 4280 1473 4358 tuit.

401 4435 479 4525 De
511 4426 718 4525 Historia
744 4422 903 4540 Jacobi
930 4419 1147 4522 Bonfedii
1176 4457 1408 4557 agemus,
1440 4426 1560 4525 dum
1590 4430 1820 4531 Historica

400 4563 760 4705 persequemur.

478 4718 537 4807 V.
576 4702 801 4805 Nicolaus
826 4712 977 4806 Siccus
998 4713 1267 4824 Brixianus,
1290 4716 1421 4835 cujus
1447 4704 1621 4812 celebre
1645 4751 1821 4815 nomen

400 4855 525 4947 inter
547 4885 717 4948 veteres
738 4845 1003 4949 Italicarum
1025 4848 1383 4949 Comoediarum
1408 4862 1677 4989 Scriptores,
1702 4865 1822 4954 Laci-

403 4998 479 5085 nis
503 5026 692 5128 quoque
720 4998 900 5108 Poetis,
938 4990 997 5089 de
1022 4983 1193 5128 quibus
1230 4991 1376 5091 modo
1403 5004 1614 5130 agimus,
1658 5003 1822 5091 merito

400 5128 706 5233 accenlendus
731 5140 857 5233 venit
892 5125 956 5231 ob
972 5138 1180 5233 carmina
1200 5127 1302 5233 satis
1321 5132 1470 5250 culta,
1495 5148 1541 5231 &
1568 5130 1815 5265 elegantia,

475 5266 529 5371 P.
543 5271 607 5387 II.
1101 5278 1148 5366 D
1172 5268 1226 5392 d¹
1645 5306 1746 5407 quae
