<?xml version="1.0" encoding="UTF-8"?>
<!DOCTYPE html PUBLIC "-//W3C//DTD XHTML 1.0 Transitional//EN"
    "http://www.w3.org/TR/xhtml1/DTD/xhtml1-transitional.dtd">
<html xmlns="http://www.w3.org/1999/xhtml" xml:lang="en" lang="en">
 <head>
  <title>
</title>
<meta http-equiv="Content-Type" content="text/html;charset=utf-8" />
  <meta name='ocr-system' content='tesseract 3.04.00' />
  <meta name='ocr-capabilities' content='ocr_page ocr_carea ocr_par ocr_line ocrx_word'/>
</head>
<body>
  <div class='ocr_page' id='page_1' title='image "./specimenvariael00quirgoog_0335.png"; bbox 0 0 4459 6750; ppageno 0'>
   <div class='ocr_carea' id='block_1_1' title="bbox 1172 688 1196 729">
    <p class='ocr_par' dir='ltr' id='par_1_1' title="bbox 1172 688 1196 729">
     <span class='ocr_line' id='line_1_1' title="bbox 1172 688 1196 729; baseline 0 0"><span class='ocrx_word' id='word_1_1' title='bbox 1172 688 1196 729; x_wconf 57' lang='lat' dir='ltr'>*t</span> 
     </span>
    </p>
   </div>
   <div class='ocr_carea' id='block_1_2' title="bbox 824 891 1762 1022">
    <p class='ocr_par' dir='ltr' id='par_1_2' title="bbox 824 891 1762 1022">
     <span class='ocr_line' id='line_1_2' title="bbox 824 891 1762 1022; baseline 0.012 -20"><span class='ocrx_word' id='word_1_2' title='bbox 824 891 1428 1022; x_wconf 80' lang='lat' dir='ltr'><em>ORATORIA.</em></span> <span class='ocrx_word' id='word_1_3' title='bbox 1663 926 1762 1013; x_wconf 66' lang='lat' dir='ltr'>me</span> 
     </span>
    </p>
   </div>
   <div class='ocr_carea' id='block_1_3' title="bbox 399 1027 1835 5320">
    <p class='ocr_par' dir='ltr' id='par_1_3' title="bbox 399 1027 1835 5320">
     <span class='ocr_line' id='line_1_3' title="bbox 421 1027 1835 1147; baseline 0.004 -36"><span class='ocrx_word' id='word_1_4' title='bbox 421 1027 522 1113; x_wconf 89' lang='lat' dir='ltr'>bem</span> <span class='ocrx_word' id='word_1_5' title='bbox 540 1027 581 1114; x_wconf 89' lang='lat' dir='ltr'>in</span> <span class='ocrx_word' id='word_1_6' title='bbox 599 1030 745 1119; x_wconf 84' lang='lat' dir='ltr'>Gallia</span> <span class='ocrx_word' id='word_1_7' title='bbox 766 1036 962 1125; x_wconf 82' lang='lat' dir='ltr'>citeriore</span> <span class='ocrx_word' id='word_1_8' title='bbox 990 1039 1038 1124; x_wconf 85' lang='lat' dir='ltr'>dt</span> <span class='ocrx_word' id='word_1_9' title='bbox 1057 1040 1241 1139; x_wconf 90' lang='lat' dir='ltr'>claram,</span> <span class='ocrx_word' id='word_1_10' title='bbox 1271 1036 1317 1120; x_wconf 85' lang='lat' dir='ltr'>dt</span> <span class='ocrx_word' id='word_1_11' title='bbox 1340 1051 1673 1147; x_wconf 69' lang='lat' dir='ltr'><strong>praepotentem,</strong></span> <span class='ocrx_word' id='word_1_12' title='bbox 1703 1033 1835 1120; x_wconf 75' lang='lat' dir='ltr'>rebus</span> 
     </span>
     <span class='ocr_line' id='line_1_4' title="bbox 422 1141 1831 1261; baseline 0.006 -40"><span class='ocrx_word' id='word_1_13' title='bbox 422 1141 580 1225; x_wconf 72' lang='lat' dir='ltr'>bellicis</span> <span class='ocrx_word' id='word_1_14' title='bbox 599 1149 886 1233; x_wconf 85' lang='lat' dir='ltr'>exercitatum</span> <span class='ocrx_word' id='word_1_15' title='bbox 905 1152 1043 1260; x_wconf 90' lang='lat' dir='ltr'>perid</span> <span class='ocrx_word' id='word_1_16' title='bbox 1063 1153 1282 1261; x_wconf 81' lang='lat' dir='ltr'>temporis,</span> <span class='ocrx_word' id='word_1_17' title='bbox 1292 1173 1392 1231; x_wconf 91' lang='lat' dir='ltr'>cum</span> <span class='ocrx_word' id='word_1_18' title='bbox 1411 1148 1602 1230; x_wconf 81' lang='lat' dir='ltr'>maxime</span> <span class='ocrx_word' id='word_1_19' title='bbox 1620 1150 1676 1233; x_wconf 91' lang='lat' dir='ltr'>ad</span> <span class='ocrx_word' id='word_1_20' title='bbox 1695 1144 1831 1258; x_wconf 85' lang='lat' dir='ltr'>repel·</span> 
     </span>
     <span class='ocr_line' id='line_1_5' title="bbox 418 1248 1828 1347; baseline 0.008 -16"><span class='ocrx_word' id='word_1_21' title='bbox 418 1248 597 1338; x_wconf 89' lang='lat' dir='ltr'>lendum</span> <span class='ocrx_word' id='word_1_22' title='bbox 617 1257 789 1342; x_wconf 87' lang='lat' dir='ltr'>Ducem</span> <span class='ocrx_word' id='word_1_23' title='bbox 808 1259 1185 1347; x_wconf 85' lang='lat' dir='ltr'>Mediolanenfium</span> <span class='ocrx_word' id='word_1_24' title='bbox 1217 1259 1371 1344; x_wconf 86' lang='lat' dir='ltr'>Veneti</span> <span class='ocrx_word' id='word_1_25' title='bbox 1400 1256 1666 1342; x_wconf 86' lang='lat' dir='ltr'>nitebantur.</span> <span class='ocrx_word' id='word_1_26' title='bbox 1700 1257 1749 1340; x_wconf 90' lang='lat' dir='ltr'>ln</span> <span class='ocrx_word' id='word_1_27' title='bbox 1775 1285 1828 1342; x_wconf 91' lang='lat' dir='ltr'>eo</span> 
     </span>
     <span class='ocr_line' id='line_1_6' title="bbox 412 1358 1824 1480; baseline 0.002 -33"><span class='ocrx_word' id='word_1_28' title='bbox 412 1358 535 1448; x_wconf 81' lang='lat' dir='ltr'>bello</span> <span class='ocrx_word' id='word_1_29' title='bbox 566 1363 720 1451; x_wconf 86' lang='lat' dir='ltr'>Caroli</span> <span class='ocrx_word' id='word_1_30' title='bbox 740 1366 914 1469; x_wconf 84' lang='lat' dir='ltr'>junioris</span> <span class='ocrx_word' id='word_1_31' title='bbox 941 1377 1112 1472; x_wconf 89' lang='lat' dir='ltr'>virtus,</span> <span class='ocrx_word' id='word_1_32' title='bbox 1141 1397 1215 1452; x_wconf 88' lang='lat' dir='ltr'>nec</span> <span class='ocrx_word' id='word_1_33' title='bbox 1244 1369 1349 1453; x_wconf 90' lang='lat' dir='ltr'>dum</span> <span class='ocrx_word' id='word_1_34' title='bbox 1363 1371 1501 1454; x_wconf 82' lang='lat' dir='ltr'>etiam</span> <span class='ocrx_word' id='word_1_35' title='bbox 1533 1367 1824 1480; x_wconf 88' lang='lat' dir='ltr'>pubescentis,</span> 
     </span>
     <span class='ocr_line' id='line_1_7' title="bbox 411 1476 1822 1588; baseline 0.005 -34"><span class='ocrx_word' id='word_1_36' title='bbox 411 1493 577 1580; x_wconf 76' lang='lat' dir='ltr'>ptaeter</span> <span class='ocrx_word' id='word_1_37' title='bbox 594 1504 738 1561; x_wconf 87' lang='lat' dir='ltr'>omnes</span> <span class='ocrx_word' id='word_1_38' title='bbox 758 1481 913 1561; x_wconf 89' lang='lat' dir='ltr'>enituit</span> <span class='ocrx_word' id='word_1_39' title='bbox 932 1533 943 1556; x_wconf 86' lang='lat'>.</span> <span class='ocrx_word' id='word_1_40' title='bbox 973 1483 1127 1588; x_wconf 88' lang='lat' dir='ltr'>Itaque</span> <span class='ocrx_word' id='word_1_41' title='bbox 1153 1503 1289 1587; x_wconf 91' lang='lat' dir='ltr'>quum</span> <span class='ocrx_word' id='word_1_42' title='bbox 1321 1505 1400 1558; x_wconf 90' lang='lat' dir='ltr'>non</span> <span class='ocrx_word' id='word_1_43' title='bbox 1420 1478 1713 1580; x_wconf 89' lang='lat' dir='ltr'>adolescentis,</span> <span class='ocrx_word' id='word_1_44' title='bbox 1748 1476 1822 1561; x_wconf 91' lang='lat' dir='ltr'>sed</span> 
     </span>
     <span class='ocr_line' id='line_1_8' title="bbox 412 1577 1822 1698; baseline 0.005 -33"><span class='ocrx_word' id='word_1_45' title='bbox 412 1577 633 1667; x_wconf 77' lang='lat' dir='ltr'>‚fortissimi</span> <span class='ocrx_word' id='word_1_46' title='bbox 652 1585 876 1698; x_wconf 90' lang='lat' dir='ltr'>cujusque,</span> <span class='ocrx_word' id='word_1_47' title='bbox 906 1587 1242 1697; x_wconf 89' lang='lat' dir='ltr'>dexterrimique</span> <span class='ocrx_word' id='word_1_48' title='bbox 1260 1583 1445 1668; x_wconf 73' lang='lat' dir='ltr'>ductoris</span> <span class='ocrx_word' id='word_1_49' title='bbox 1461 1614 1632 1696; x_wconf 78' lang='lat' dir='ltr'>operam</span> <span class='ocrx_word' id='word_1_50' title='bbox 1650 1590 1822 1676; x_wconf 87' lang='lat' dir='ltr'>abunde</span> 
     </span>
     <span class='ocr_line' id='line_1_9' title="bbox 419 1692 1822 1807; baseline 0.009 -37"><span class='ocrx_word' id='word_1_51' title='bbox 419 1692 607 1777; x_wconf 77' lang='lat' dir='ltr'>navasset</span> <span class='ocrx_word' id='word_1_52' title='bbox 617 1723 666 1794; x_wconf 90' lang='lat' dir='ltr'>,a</span> <span class='ocrx_word' id='word_1_53' title='bbox 686 1716 841 1807; x_wconf 90' lang='lat' dir='ltr'>patruo</span> <span class='ocrx_word' id='word_1_54' title='bbox 857 1692 1562 1806; x_wconf 85' lang='lat' dir='ltr'>multis,acmultispretiosrffimis</span> <span class='ocrx_word' id='word_1_55' title='bbox 1579 1701 1822 1785; x_wconf 89' lang='lat' dir='ltr'>muneribus</span> 
     </span>
     <span class='ocr_line' id='line_1_10' title="bbox 419 1799 1821 1917; baseline 0.007 -35"><span class='ocrx_word' id='word_1_56' title='bbox 419 1799 633 1902; x_wconf 84' lang='lat' dir='ltr'>donatus,</span> <span class='ocrx_word' id='word_1_57' title='bbox 660 1827 791 1917; x_wconf 87' lang='lat' dir='ltr'>atque</span> <span class='ocrx_word' id='word_1_58' title='bbox 808 1805 1168 1913; x_wconf 70' lang='lat' dir='ltr'>honestatusest5</span> <span class='ocrx_word' id='word_1_59' title='bbox 1198 1808 1330 1892; x_wconf 92' lang='lat' dir='ltr'>donec</span> <span class='ocrx_word' id='word_1_60' title='bbox 1357 1805 1531 1891; x_wconf 88' lang='lat' dir='ltr'>tandem</span> <span class='ocrx_word' id='word_1_61' title='bbox 1561 1807 1696 1893; x_wconf 71' lang='lat' dir='ltr'>victus</span> <span class='ocrx_word' id='word_1_62' title='bbox 1716 1809 1821 1894; x_wconf 89' lang='lat' dir='ltr'>Pan·</span> 
     </span>
     <span class='ocr_line' id='line_1_11' title="bbox 410 1909 1818 2022; baseline 0.011 -32"><span class='ocrx_word' id='word_1_63' title='bbox 410 1909 604 2022; x_wconf 70' lang='lat' dir='ltr'>,dulphus</span> <span class='ocrx_word' id='word_1_64' title='bbox 620 1917 765 2000; x_wconf 79' lang='lat' dir='ltr'>amissa</span> <span class='ocrx_word' id='word_1_65' title='bbox 786 1915 933 2005; x_wconf 86' lang='lat' dir='ltr'>Brixia</span> <span class='ocrx_word' id='word_1_66' title='bbox 955 1919 1121 2005; x_wconf 87' lang='lat' dir='ltr'>Fanum</span> <span class='ocrx_word' id='word_1_67' title='bbox 1142 1919 1328 2017; x_wconf 88' lang='lat' dir='ltr'>rediens,</span> <span class='ocrx_word' id='word_1_68' title='bbox 1357 1917 1447 2001; x_wconf 93' lang='lat' dir='ltr'>otio</span> <span class='ocrx_word' id='word_1_69' title='bbox 1467 1914 1563 2000; x_wconf 91' lang='lat' dir='ltr'>sese</span> <span class='ocrx_word' id='word_1_70' title='bbox 1584 1973 1599 2016; x_wconf 91' lang='lat'>,</span> <span class='ocrx_word' id='word_1_71' title='bbox 1628 1917 1818 2004; x_wconf 84' lang='lat' dir='ltr'>&amp;rebus</span> 
     </span>
     <span class='ocr_line' id='line_1_12' title="bbox 416 2021 1825 2125; baseline 0.007 -21"><span class='ocrx_word' id='word_1_72' title='bbox 416 2021 588 2107; x_wconf 89' lang='lat' dir='ltr'>urbanis</span> <span class='ocrx_word' id='word_1_73' title='bbox 613 2024 704 2125; x_wconf 86' lang='lat' dir='ltr'>jam</span> <span class='ocrx_word' id='word_1_74' title='bbox 725 2048 820 2112; x_wconf 91' lang='lat' dir='ltr'>tum</span> <span class='ocrx_word' id='word_1_75' title='bbox 840 2028 963 2115; x_wconf 85' lang='lat' dir='ltr'>senex</span> <span class='ocrx_word' id='word_1_76' title='bbox 987 2029 1223 2116; x_wconf 77' lang='lat' dir='ltr'>immersit.</span> <span class='ocrx_word' id='word_1_77' title='bbox 1260 2028 1440 2113; x_wconf 87' lang='lat' dir='ltr'>Carolus</span> <span class='ocrx_word' id='word_1_78' title='bbox 1471 2027 1526 2113; x_wconf 90' lang='lat' dir='ltr'>ad</span> <span class='ocrx_word' id='word_1_79' title='bbox 1545 2028 1825 2114; x_wconf 86' lang='lat' dir='ltr'>Malateslam·</span> 
     </span>
     <span class='ocr_line' id='line_1_13' title="bbox 415 2137 1823 2240; baseline 0.008 -28"><span class='ocrx_word' id='word_1_80' title='bbox 415 2138 653 2238; x_wconf 88' lang='lat' dir='ltr'>genitorem</span> <span class='ocrx_word' id='word_1_81' title='bbox 672 2143 903 2222; x_wconf 86' lang='lat' dir='ltr'>revertitur</span> <span class='ocrx_word' id='word_1_82' title='bbox 922 2203 931 2223; x_wconf 94' lang='lat'>.</span> <span class='ocrx_word' id='word_1_83' title='bbox 961 2141 1011 2224; x_wconf 92' lang='lat' dir='ltr'>In</span> <span class='ocrx_word' id='word_1_84' title='bbox 1028 2141 1163 2226; x_wconf 88' lang='lat' dir='ltr'>altera</span> <span class='ocrx_word' id='word_1_85' title='bbox 1180 2165 1281 2223; x_wconf 92' lang='lat' dir='ltr'>vero</span> <span class='ocrx_word' id='word_1_86' title='bbox 1295 2137 1531 2237; x_wconf 88' lang='lat' dir='ltr'>juventutis</span> <span class='ocrx_word' id='word_1_87' title='bbox 1549 2138 1632 2223; x_wconf 85' lang='lat' dir='ltr'>suae</span> <span class='ocrx_word' id='word_1_88' title='bbox 1648 2140 1823 2240; x_wconf 73' lang='lat' dir='ltr'>militia,</span> 
     </span>
     <span class='ocr_line' id='line_1_14' title="bbox 409 2239 1819 2361; baseline 0.006 -37"><span class='ocrx_word' id='word_1_89' title='bbox 409 2239 600 2328; x_wconf 81' lang='lat' dir='ltr'>Carolus</span> <span class='ocrx_word' id='word_1_90' title='bbox 618 2270 828 2356; x_wconf 90' lang='lat' dir='ltr'>quantum</span> <span class='ocrx_word' id='word_1_91' title='bbox 846 2251 1069 2351; x_wconf 85' lang='lat' dir='ltr'>laudis,ac</span> <span class='ocrx_word' id='word_1_92' title='bbox 1114 2251 1227 2335; x_wconf 78' lang='lat' dir='ltr'>toriae</span> <span class='ocrx_word' id='word_1_93' title='bbox 1244 2250 1423 2359; x_wconf 83' lang='lat' dir='ltr'>adeptus</span> <span class='ocrx_word' id='word_1_94' title='bbox 1441 2246 1571 2332; x_wconf 82' lang='lat' dir='ltr'>fuerit</span> <span class='ocrx_word' id='word_1_95' title='bbox 1589 2251 1706 2361; x_wconf 89' lang='lat' dir='ltr'>apud</span> <span class='ocrx_word' id='word_1_96' title='bbox 1718 2248 1819 2334; x_wconf 90' lang='lat' dir='ltr'>Phi·</span> 
     </span>
     <span class='ocr_line' id='line_1_15' title="bbox 406 2279 1821 2463; baseline 0.009 -29"><span class='ocrx_word' id='word_1_97' title='bbox 406 2350 584 2463; x_wconf 85' lang='lat' dir='ltr'>lippum</span> <span class='ocrx_word' id='word_1_98' title='bbox 597 2355 783 2443; x_wconf 89' lang='lat' dir='ltr'>Mariam</span> <span class='ocrx_word' id='word_1_99' title='bbox 805 2279 1183 2446; x_wconf 71' lang='lat' dir='ltr'>Mediolanendum</span> <span class='ocrx_word' id='word_1_100' title='bbox 1202 2361 1373 2445; x_wconf 88' lang='lat' dir='ltr'>Ducem</span> <span class='ocrx_word' id='word_1_101' title='bbox 1392 2417 1407 2458; x_wconf 88' lang='lat'>,</span> <span class='ocrx_word' id='word_1_102' title='bbox 1434 2384 1709 2462; x_wconf 73' lang='lat' dir='ltr'>tyrannorum</span> <span class='ocrx_word' id='word_1_103' title='bbox 1727 2387 1821 2447; x_wconf 86' lang='lat' dir='ltr'>nm·</span> 
     </span>
     <span class='ocr_line' id='line_1_16' title="bbox 415 2464 1819 2584; baseline 0.007 -41"><span class='ocrx_word' id='word_1_104' title='bbox 415 2464 537 2547; x_wconf 88' lang='lat' dir='ltr'>nium</span> <span class='ocrx_word' id='word_1_105' title='bbox 562 2467 687 2552; x_wconf 89' lang='lat' dir='ltr'>nostri</span> <span class='ocrx_word' id='word_1_106' title='bbox 705 2474 1171 2582; x_wconf 77' lang='lat' dir='ltr'>temporismaximum</span> <span class='ocrx_word' id='word_1_107' title='bbox 1184 2531 1203 2572; x_wconf 90' lang='lat'>.,</span> <span class='ocrx_word' id='word_1_108' title='bbox 1221 2492 1352 2584; x_wconf 86' lang='lat' dir='ltr'>atque</span> <span class='ocrx_word' id='word_1_109' title='bbox 1372 2468 1746 2555; x_wconf 76' lang='lat' dir='ltr'>fortunatissimum</span> <span class='ocrx_word' id='word_1_110' title='bbox 1777 2475 1819 2555; x_wconf 94' lang='lat' dir='ltr'>in</span> 
     </span>
     <span class='ocr_line' id='line_1_17' title="bbox 414 2573 1825 2693; baseline 0.009 -40"><span class='ocrx_word' id='word_1_111' title='bbox 414 2597 468 2654; x_wconf 92' lang='lat' dir='ltr'>eo</span> <span class='ocrx_word' id='word_1_112' title='bbox 498 2573 634 2676; x_wconf 90' lang='lat' dir='ltr'>bello,</span> <span class='ocrx_word' id='word_1_113' title='bbox 663 2581 778 2687; x_wconf 88' lang='lat' dir='ltr'>quod</span> <span class='ocrx_word' id='word_1_114' title='bbox 796 2583 997 2668; x_wconf 88' lang='lat' dir='ltr'>adversus</span> <span class='ocrx_word' id='word_1_115' title='bbox 1015 2584 1200 2668; x_wconf 87' lang='lat' dir='ltr'>Venetos</span> <span class='ocrx_word' id='word_1_116' title='bbox 1227 2579 1476 2693; x_wconf 82' lang='lat' dir='ltr'>gerebatur,</span> <span class='ocrx_word' id='word_1_117' title='bbox 1506 2582 1547 2665; x_wconf 93' lang='lat' dir='ltr'>id</span> <span class='ocrx_word' id='word_1_118' title='bbox 1578 2609 1655 2691; x_wconf 92' lang='lat' dir='ltr'>ego</span> <span class='ocrx_word' id='word_1_119' title='bbox 1674 2608 1825 2693; x_wconf 87' lang='lat' dir='ltr'>nequa·</span> 
     </span>
     <span class='ocr_line' id='line_1_18' title="bbox 406 2686 1822 2804; baseline 0.007 -40"><span class='ocrx_word' id='word_1_120' title='bbox 406 2707 548 2792; x_wconf 71' lang='lat' dir='ltr'>‚quam</span> <span class='ocrx_word' id='word_1_121' title='bbox 567 2686 731 2775; x_wconf 84' lang='lat' dir='ltr'>silentio</span> <span class='ocrx_word' id='word_1_122' title='bbox 750 2695 1166 2801; x_wconf 86' lang='lat' dir='ltr'>praetermittendum</span> <span class='ocrx_word' id='word_1_123' title='bbox 1185 2691 1344 2778; x_wconf 85' lang='lat' dir='ltr'>censui.</span> <span class='ocrx_word' id='word_1_124' title='bbox 1377 2692 1574 2804; x_wconf 87' lang='lat' dir='ltr'>Adquod</span> <span class='ocrx_word' id='word_1_125' title='bbox 1593 2720 1693 2778; x_wconf 85' lang='lat' dir='ltr'>cunr</span> <span class='ocrx_word' id='word_1_126' title='bbox 1713 2721 1737 2777; x_wconf 90' lang='lat' dir='ltr'>a</span> <span class='ocrx_word' id='word_1_127' title='bbox 1756 2718 1822 2802; x_wconf 90' lang='lat' dir='ltr'>ge·</span> 
     </span>
     <span class='ocr_line' id='line_1_19' title="bbox 414 2795 1821 2916; baseline 0.008 -41"><span class='ocrx_word' id='word_1_128' title='bbox 414 2795 554 2880; x_wconf 86' lang='lat' dir='ltr'>nitore</span> <span class='ocrx_word' id='word_1_129' title='bbox 574 2795 799 2886; x_wconf 83' lang='lat' dir='ltr'>Malatesia</span> <span class='ocrx_word' id='word_1_130' title='bbox 820 2805 963 2888; x_wconf 83' lang='lat' dir='ltr'>missus</span> <span class='ocrx_word' id='word_1_131' title='bbox 980 2807 1105 2905; x_wconf 83' lang='lat' dir='ltr'>esser,</span> <span class='ocrx_word' id='word_1_132' title='bbox 1136 2805 1264 2916; x_wconf 88' lang='lat' dir='ltr'>paulo</span> <span class='ocrx_word' id='word_1_133' title='bbox 1284 2801 1374 2913; x_wconf 86' lang='lat' dir='ltr'>post</span> <span class='ocrx_word' id='word_1_134' title='bbox 1393 2832 1522 2916; x_wconf 91' lang='lat' dir='ltr'>quam</span> <span class='ocrx_word' id='word_1_135' title='bbox 1542 2806 1583 2888; x_wconf 90' lang='lat' dir='ltr'>in</span> <span class='ocrx_word' id='word_1_136' title='bbox 1603 2804 1733 2889; x_wconf 88' lang='lat' dir='ltr'>castra</span> <span class='ocrx_word' id='word_1_137' title='bbox 1755 2830 1821 2886; x_wconf 85' lang='lat' dir='ltr'>ve·</span> 
     </span>
     <span class='ocr_line' id='line_1_20' title="bbox 415 2906 1818 3026; baseline 0.004 -39"><span class='ocrx_word' id='word_1_138' title='bbox 415 2906 709 3006; x_wconf 86' lang='lat' dir='ltr'>nit,universo</span> <span class='ocrx_word' id='word_1_139' title='bbox 729 2917 931 2999; x_wconf 87' lang='lat' dir='ltr'>exercitui</span> <span class='ocrx_word' id='word_1_140' title='bbox 943 2919 1038 3026; x_wconf 92' lang='lat' dir='ltr'>,qui</span> <span class='ocrx_word' id='word_1_141' title='bbox 1060 2917 1486 3024; x_wconf 85' lang='lat' dir='ltr'>permaximuserat,</span> <span class='ocrx_word' id='word_1_142' title='bbox 1501 2913 1726 3023; x_wconf 72' lang='lat' dir='ltr'>praefectus</span> <span class='ocrx_word' id='word_1_143' title='bbox 1745 2914 1818 3014; x_wconf 71' lang='lat' dir='ltr'>esi,</span> 
     </span>
     <span class='ocr_line' id='line_1_21' title="bbox 411 3020 1825 3138; baseline 0.006 -39"><span class='ocrx_word' id='word_1_144' title='bbox 411 3033 541 3127; x_wconf 85' lang='lat' dir='ltr'>atque</span> <span class='ocrx_word' id='word_1_145' title='bbox 559 3024 752 3106; x_wconf 88' lang='lat' dir='ltr'>omniurn</span> <span class='ocrx_word' id='word_1_146' title='bbox 772 3027 1004 3133; x_wconf 90' lang='lat' dir='ltr'>imperator</span> <span class='ocrx_word' id='word_1_147' title='bbox 1031 3026 1268 3111; x_wconf 88' lang='lat' dir='ltr'>declaratus</span> <span class='ocrx_word' id='word_1_148' title='bbox 1288 3083 1298 3106; x_wconf 92' lang='lat'>.</span> <span class='ocrx_word' id='word_1_149' title='bbox 1330 3020 1432 3138; x_wconf 83' lang='lat' dir='ltr'>Qro</span> <span class='ocrx_word' id='word_1_150' title='bbox 1451 3047 1643 3136; x_wconf 86' lang='lat' dir='ltr'>ternpore</span> <span class='ocrx_word' id='word_1_151' title='bbox 1673 3024 1720 3109; x_wconf 77' lang='grc' dir='ltr'>ὅ(</span> <span class='ocrx_word' id='word_1_152' title='bbox 1740 3022 1785 3107; x_wconf 95' lang='lat' dir='ltr'>N</span> <span class='ocrx_word' id='word_1_153' title='bbox 1791 3030 1825 3108; x_wconf 57' lang='lat' dir='ltr'>i,</span> 
     </span>
     <span class='ocr_line' id='line_1_22' title="bbox 410 3127 1820 3243; baseline 0.006 -35"><span class='ocrx_word' id='word_1_154' title='bbox 410 3127 555 3243; x_wconf 88' lang='lat' dir='ltr'>colaus</span> <span class='ocrx_word' id='word_1_155' title='bbox 576 3129 649 3212; x_wconf 92' lang='lat' dir='ltr'>ille</span> <span class='ocrx_word' id='word_1_156' title='bbox 669 3131 905 3234; x_wconf 89' lang='lat' dir='ltr'>Picininus,</span> <span class='ocrx_word' id='word_1_157' title='bbox 922 3156 1198 3238; x_wconf 82' lang='lat' dir='ltr'>caeterorum,</span> <span class='ocrx_word' id='word_1_158' title='bbox 1214 3134 1298 3218; x_wconf 88' lang='lat' dir='ltr'>fine</span> <span class='ocrx_word' id='word_1_159' title='bbox 1319 3137 1407 3219; x_wconf 86' lang='lat' dir='ltr'>ulla</span> <span class='ocrx_word' id='word_1_160' title='bbox 1424 3136 1730 3235; x_wconf 80' lang='lat' dir='ltr'>controversra,</span> <span class='ocrx_word' id='word_1_161' title='bbox 1751 3164 1820 3217; x_wconf 89' lang='lat' dir='ltr'>no·</span> 
     </span>
     <span class='ocr_line' id='line_1_23' title="bbox 410 3234 1819 3354; baseline 0.006 -38"><span class='ocrx_word' id='word_1_162' title='bbox 410 3234 486 3318; x_wconf 85' lang='lat' dir='ltr'>stri</span> <span class='ocrx_word' id='word_1_163' title='bbox 510 3241 718 3348; x_wconf 89' lang='lat' dir='ltr'>temporis</span> <span class='ocrx_word' id='word_1_164' title='bbox 739 3240 843 3327; x_wconf 84' lang='lat' dir='ltr'>Dux</span> <span class='ocrx_word' id='word_1_165' title='bbox 860 3245 903 3326; x_wconf 91' lang='lat' dir='ltr'>in</span> <span class='ocrx_word' id='word_1_166' title='bbox 913 3271 966 3328; x_wconf 78' lang='lat' dir='ltr'>re</span> <span class='ocrx_word' id='word_1_167' title='bbox 984 3246 1163 3329; x_wconf 86' lang='lat' dir='ltr'>militari</span> <span class='ocrx_word' id='word_1_168' title='bbox 1183 3245 1557 3354; x_wconf 73' lang='lat' dir='ltr'>praestantissimus,</span> <span class='ocrx_word' id='word_1_169' title='bbox 1587 3245 1632 3325; x_wconf 73' lang='grc' dir='ltr'>ὃ(</span> <span class='ocrx_word' id='word_1_170' title='bbox 1655 3245 1819 3328; x_wconf 86' lang='lat' dir='ltr'>Franci·</span> 
     </span>
     <span class='ocr_line' id='line_1_24' title="bbox 409 3345 1821 3461; baseline 0.004 -33"><span class='ocrx_word' id='word_1_171' title='bbox 409 3345 505 3429; x_wconf 84' lang='lat' dir='ltr'>scus</span> <span class='ocrx_word' id='word_1_172' title='bbox 524 3345 683 3433; x_wconf 89' lang='lat' dir='ltr'>Ssortia</span> <span class='ocrx_word' id='word_1_173' title='bbox 702 3349 955 3436; x_wconf 78' lang='lat' dir='ltr'>vicecomes</span> <span class='ocrx_word' id='word_1_174' title='bbox 975 3410 989 3450; x_wconf 91' lang='lat'>‚</span> <span class='ocrx_word' id='word_1_175' title='bbox 1016 3353 1088 3435; x_wconf 87' lang='lat' dir='ltr'>hic</span> <span class='ocrx_word' id='word_1_176' title='bbox 1107 3354 1196 3461; x_wconf 88' lang='lat' dir='ltr'>ipse</span> <span class='ocrx_word' id='word_1_177' title='bbox 1215 3353 1358 3433; x_wconf 87' lang='lat' dir='ltr'>Piceni</span> <span class='ocrx_word' id='word_1_178' title='bbox 1380 3355 1623 3434; x_wconf 88' lang='lat' dir='ltr'>moderator</span> <span class='ocrx_word' id='word_1_179' title='bbox 1645 3410 1656 3449; x_wconf 92' lang='lat'>‚</span> <span class='ocrx_word' id='word_1_180' title='bbox 1678 3352 1723 3433; x_wconf 78' lang='lat' dir='ltr'>dt</span> <span class='ocrx_word' id='word_1_181' title='bbox 1745 3379 1821 3434; x_wconf 87' lang='lat' dir='ltr'>cat·</span> 
     </span>
     <span class='ocr_line' id='line_1_25' title="bbox 410 3456 1820 3570; baseline 0.006 -34"><span class='ocrx_word' id='word_1_182' title='bbox 410 3460 492 3540; x_wconf 88' lang='lat' dir='ltr'>teri</span> <span class='ocrx_word' id='word_1_183' title='bbox 513 3459 717 3567; x_wconf 84' lang='lat' dir='ltr'>permulti</span> <span class='ocrx_word' id='word_1_184' title='bbox 739 3461 870 3561; x_wconf 89' lang='lat' dir='ltr'>clari,</span> <span class='ocrx_word' id='word_1_185' title='bbox 896 3456 1407 3570; x_wconf 76' lang='lat' dir='ltr'>fortiffimtqneduetores</span> <span class='ocrx_word' id='word_1_186' title='bbox 1425 3460 1467 3541; x_wconf 91' lang='lat' dir='ltr'>in</span> <span class='ocrx_word' id='word_1_187' title='bbox 1494 3460 1642 3544; x_wconf 90' lang='lat' dir='ltr'>eadem</span> <span class='ocrx_word' id='word_1_188' title='bbox 1665 3462 1820 3545; x_wconf 87' lang='lat' dir='ltr'>militia</span> 
     </span>
     <span class='ocr_line' id='line_1_26' title="bbox 409 3567 1818 3679; baseline 0.003 -31"><span class='ocrx_word' id='word_1_189' title='bbox 409 3568 714 3654; x_wconf 84' lang='lat' dir='ltr'>versabantur.</span> <span class='ocrx_word' id='word_1_190' title='bbox 743 3567 904 3679; x_wconf 88' lang='lat' dir='ltr'>Neque</span> <span class='ocrx_word' id='word_1_191' title='bbox 922 3571 1059 3679; x_wconf 88' lang='lat' dir='ltr'>perid</span> <span class='ocrx_word' id='word_1_192' title='bbox 1079 3567 1255 3677; x_wconf 88' lang='lat' dir='ltr'>quidem</span> <span class='ocrx_word' id='word_1_193' title='bbox 1274 3569 1410 3651; x_wconf 79' lang='lat' dir='ltr'>aetatis</span> <span class='ocrx_word' id='word_1_194' title='bbox 1431 3597 1512 3650; x_wconf 91' lang='lat' dir='ltr'>non</span> <span class='ocrx_word' id='word_1_195' title='bbox 1530 3571 1718 3678; x_wconf 79' lang='lat' dir='ltr'>pedites,</span> <span class='ocrx_word' id='word_1_196' title='bbox 1737 3600 1818 3655; x_wconf 90' lang='lat' dir='ltr'>non</span> 
     </span>
     <span class='ocr_line' id='line_1_27' title="bbox 407 3678 1816 3780; baseline 0.004 -21"><span class='ocrx_word' id='word_1_197' title='bbox 407 3695 601 3780; x_wconf 83' lang='lat' dir='ltr'>tyrones,</span> <span class='ocrx_word' id='word_1_198' title='bbox 630 3708 710 3765; x_wconf 90' lang='lat' dir='ltr'>non</span> <span class='ocrx_word' id='word_1_199' title='bbox 729 3679 901 3778; x_wconf 89' lang='lat' dir='ltr'>velites,</span> <span class='ocrx_word' id='word_1_200' title='bbox 934 3707 1016 3763; x_wconf 89' lang='lat' dir='ltr'>non</span> <span class='ocrx_word' id='word_1_201' title='bbox 1035 3680 1210 3777; x_wconf 87' lang='lat' dir='ltr'>rorarii,</span> <span class='ocrx_word' id='word_1_202' title='bbox 1230 3705 1311 3760; x_wconf 92' lang='lat' dir='ltr'>non</span> <span class='ocrx_word' id='word_1_203' title='bbox 1326 3678 1617 3778; x_wconf 87' lang='lat' dir='ltr'>centuriones,</span> <span class='ocrx_word' id='word_1_204' title='bbox 1649 3708 1729 3763; x_wconf 92' lang='lat' dir='ltr'>non</span> <span class='ocrx_word' id='word_1_205' title='bbox 1749 3703 1816 3764; x_wconf 88' lang='lat' dir='ltr'>tu-</span> 
     </span>
     <span class='ocr_line' id='line_1_28' title="bbox 407 3787 1817 3901; baseline 0.004 -29"><span class='ocrx_word' id='word_1_206' title='bbox 407 3789 632 3874; x_wconf 89' lang='lat' dir='ltr'>multuarii</span> <span class='ocrx_word' id='word_1_207' title='bbox 650 3793 829 3901; x_wconf 89' lang='lat' dir='ltr'>quidam</span> <span class='ocrx_word' id='word_1_208' title='bbox 848 3789 1031 3891; x_wconf 89' lang='lat' dir='ltr'>milites,</span> <span class='ocrx_word' id='word_1_209' title='bbox 1059 3817 1141 3874; x_wconf 89' lang='lat' dir='ltr'>non</span> <span class='ocrx_word' id='word_1_210' title='bbox 1158 3787 1491 3887; x_wconf 85' lang='lat' dir='ltr'>commilitones,</span> <span class='ocrx_word' id='word_1_211' title='bbox 1519 3788 1591 3874; x_wconf 89' lang='lat' dir='ltr'>sed</span> <span class='ocrx_word' id='word_1_212' title='bbox 1613 3792 1817 3899; x_wconf 88' lang='lat' dir='ltr'>plurima·</span> 
     </span>
     <span class='ocr_line' id='line_1_29' title="bbox 408 3897 1814 4013; baseline 0.004 -31"><span class='ocrx_word' id='word_1_213' title='bbox 408 3926 534 3997; x_wconf 91' lang='lat' dir='ltr'>rum,</span> <span class='ocrx_word' id='word_1_214' title='bbox 554 3920 684 4011; x_wconf 88' lang='lat' dir='ltr'>atque</span> <span class='ocrx_word' id='word_1_215' title='bbox 711 3897 1031 3984; x_wconf 86' lang='lat' dir='ltr'>fortissrmarum</span> <span class='ocrx_word' id='word_1_216' title='bbox 1048 3901 1261 4010; x_wconf 89' lang='lat' dir='ltr'>legionum</span> <span class='ocrx_word' id='word_1_217' title='bbox 1290 3898 1416 3982; x_wconf 91' lang='lat' dir='ltr'>duces</span> <span class='ocrx_word' id='word_1_218' title='bbox 1443 3902 1646 3984; x_wconf 87' lang='lat' dir='ltr'>aderant.</span> <span class='ocrx_word' id='word_1_219' title='bbox 1681 3903 1814 4013; x_wconf 87' lang='lat' dir='ltr'>Apud</span> 
     </span>
     <span class='ocr_line' id='line_1_30' title="bbox 409 4008 1814 4121; baseline 0.004 -30"><span class='ocrx_word' id='word_1_220' title='bbox 409 4008 488 4091; x_wconf 91' lang='lat' dir='ltr'>hos</span> <span class='ocrx_word' id='word_1_221' title='bbox 506 4035 651 4092; x_wconf 91' lang='lat' dir='ltr'>omnes</span> <span class='ocrx_word' id='word_1_222' title='bbox 669 4036 736 4095; x_wconf 87' lang='lat' dir='ltr'>ars</span> <span class='ocrx_word' id='word_1_223' title='bbox 754 4008 843 4110; x_wconf 87' lang='lat' dir='ltr'>ejus</span> <span class='ocrx_word' id='word_1_224' title='bbox 861 4008 1291 4121; x_wconf 64' lang='lat' dir='ltr'>sempermonfilium,</span> <span class='ocrx_word' id='word_1_225' title='bbox 1303 4008 1499 4105; x_wconf 89' lang='lat' dir='ltr'>scientia,</span> <span class='ocrx_word' id='word_1_226' title='bbox 1517 4012 1814 4120; x_wconf 85' lang='lat' dir='ltr'>virtus,atque</span> 
     </span>
     <span class='ocr_line' id='line_1_31' title="bbox 408 4116 1814 4229; baseline 0 -26"><span class='ocrx_word' id='word_1_227' title='bbox 408 4119 539 4203; x_wconf 90' lang='lat' dir='ltr'>animi</span> <span class='ocrx_word' id='word_1_228' title='bbox 560 4121 840 4229; x_wconf 89' lang='lat' dir='ltr'>magnitudo,</span> <span class='ocrx_word' id='word_1_229' title='bbox 869 4121 1114 4208; x_wconf 86' lang='lat' dir='ltr'>mirandum</span> <span class='ocrx_word' id='word_1_230' title='bbox 1144 4123 1187 4203; x_wconf 91' lang='lat' dir='ltr'>in</span> <span class='ocrx_word' id='word_1_231' title='bbox 1215 4116 1395 4201; x_wconf 90' lang='lat' dir='ltr'>modum</span> <span class='ocrx_word' id='word_1_232' title='bbox 1423 4118 1702 4227; x_wconf 87' lang='lat' dir='ltr'>comprobata</span> <span class='ocrx_word' id='word_1_233' title='bbox 1734 4179 1743 4199; x_wconf 86' lang='lat'>.</span> <span class='ocrx_word' id='word_1_234' title='bbox 1774 4122 1814 4203; x_wconf 93' lang='lat' dir='ltr'>Is</span> 
     </span>
     <span class='ocr_line' id='line_1_32' title="bbox 405 4226 1814 4339; baseline -0.001 -24"><span class='ocrx_word' id='word_1_235' title='bbox 405 4251 555 4315; x_wconf 89' lang='lat' dir='ltr'>autem</span> <span class='ocrx_word' id='word_1_236' title='bbox 575 4230 793 4339; x_wconf 88' lang='lat' dir='ltr'>splendor,</span> <span class='ocrx_word' id='word_1_237' title='bbox 822 4259 872 4319; x_wconf 85' lang='lat' dir='ltr'>ac</span> <span class='ocrx_word' id='word_1_238' title='bbox 890 4233 1018 4317; x_wconf 88' lang='lat' dir='ltr'>decus</span> <span class='ocrx_word' id='word_1_239' title='bbox 1038 4230 1193 4312; x_wconf 90' lang='lat' dir='ltr'>nemini</span> <span class='ocrx_word' id='word_1_240' title='bbox 1211 4226 1352 4315; x_wconf 86' lang='lat' dir='ltr'>adhuc</span> <span class='ocrx_word' id='word_1_241' title='bbox 1381 4256 1435 4311; x_wconf 88' lang='lat' dir='ltr'>ex</span> <span class='ocrx_word' id='word_1_242' title='bbox 1458 4228 1715 4336; x_wconf 86' lang='lat' dir='ltr'>principibus</span> <span class='ocrx_word' id='word_1_243' title='bbox 1746 4258 1814 4313; x_wconf 89' lang='lat' dir='ltr'>ut·</span> 
     </span>
     <span class='ocr_line' id='line_1_33' title="bbox 406 4336 1822 4453; baseline -0.001 -28"><span class='ocrx_word' id='word_1_244' title='bbox 406 4342 528 4425; x_wconf 91' lang='lat' dir='ltr'>bium</span> <span class='ocrx_word' id='word_1_245' title='bbox 556 4344 767 4453; x_wconf 88' lang='lat' dir='ltr'>contigit,</span> <span class='ocrx_word' id='word_1_246' title='bbox 797 4342 870 4427; x_wconf 82' lang='lat' dir='ltr'>nist</span> <span class='ocrx_word' id='word_1_247' title='bbox 899 4340 1057 4426; x_wconf 86' lang='lat' dir='ltr'>Carolo</span> <span class='ocrx_word' id='word_1_248' title='bbox 1072 4337 1267 4437; x_wconf 79' lang='lat' dir='ltr'>Iuniori,</span> <span class='ocrx_word' id='word_1_249' title='bbox 1297 4339 1369 4448; x_wconf 88' lang='lat' dir='ltr'>qui</span> <span class='ocrx_word' id='word_1_250' title='bbox 1390 4337 1661 4422; x_wconf 86' lang='lat' dir='ltr'>Malatestam</span> <span class='ocrx_word' id='word_1_251' title='bbox 1692 4336 1822 4426; x_wconf 78' lang='lat' dir='ltr'>fami·-</span> 
     </span>
     <span class='ocr_line' id='line_1_34' title="bbox 401 4445 1810 4549; baseline -0.001 -13"><span class='ocrx_word' id='word_1_252' title='bbox 401 4453 509 4536; x_wconf 87' lang='lat' dir='ltr'>liam</span> <span class='ocrx_word' id='word_1_253' title='bbox 541 4476 631 4539; x_wconf 89' lang='lat' dir='ltr'>tam</span> <span class='ocrx_word' id='word_1_254' title='bbox 651 4454 767 4537; x_wconf 87' lang='lat' dir='ltr'>claro</span> <span class='ocrx_word' id='word_1_255' title='bbox 785 4450 915 4536; x_wconf 88' lang='lat' dir='ltr'>titulo</span> <span class='ocrx_word' id='word_1_256' title='bbox 935 4452 1183 4535; x_wconf 89' lang='lat' dir='ltr'>decoravit.</span> <span class='ocrx_word' id='word_1_257' title='bbox 1213 4445 1407 4531; x_wconf 89' lang='lat' dir='ltr'>Tertiam</span> <span class='ocrx_word' id='word_1_258' title='bbox 1426 4470 1573 4534; x_wconf 84' lang='lat' dir='ltr'>autem</span> <span class='ocrx_word' id='word_1_259' title='bbox 1594 4449 1681 4549; x_wconf 88' lang='lat' dir='ltr'>ejus</span> <span class='ocrx_word' id='word_1_260' title='bbox 1701 4452 1810 4535; x_wconf 88' lang='lat' dir='ltr'>mili·</span> 
     </span>
     <span class='ocr_line' id='line_1_35' title="bbox 403 4558 1819 4674; baseline 0.001 -28"><span class='ocrx_word' id='word_1_261' title='bbox 403 4566 536 4662; x_wconf 84' lang='lat' dir='ltr'>tiam,</span> <span class='ocrx_word' id='word_1_262' title='bbox 567 4564 887 4663; x_wconf 69' lang='lat' dir='ltr'>dementem,</span> <span class='ocrx_word' id='word_1_263' title='bbox 919 4560 967 4645; x_wconf 74' lang='grc' dir='ltr'>ὅ(</span> <span class='ocrx_word' id='word_1_264' title='bbox 987 4563 1212 4658; x_wconf 90' lang='lat' dir='ltr'>ultimam,</span> <span class='ocrx_word' id='word_1_265' title='bbox 1240 4584 1331 4669; x_wconf 79' lang='lat' dir='ltr'>quae</span> <span class='ocrx_word' id='word_1_266' title='bbox 1359 4558 1431 4644; x_wconf 85' lang='lat' dir='ltr'>fibi</span> <span class='ocrx_word' id='word_1_267' title='bbox 1462 4559 1659 4645; x_wconf 88' lang='lat' dir='ltr'>adversus</span> <span class='ocrx_word' id='word_1_268' title='bbox 1690 4564 1819 4674; x_wconf 70' lang='lat' dir='ltr'>quos.</span> 
     </span>
     <span class='ocr_line' id='line_1_36' title="bbox 405 4669 1809 4787; baseline 0.001 -30"><span class='ocrx_word' id='word_1_269' title='bbox 405 4675 544 4772; x_wconf 88' lang='lat' dir='ltr'>darn,</span> <span class='ocrx_word' id='word_1_270' title='bbox 573 4676 754 4787; x_wconf 84' lang='lat' dir='ltr'>illosque</span> <span class='ocrx_word' id='word_1_271' title='bbox 782 4701 1011 4785; x_wconf 89' lang='lat' dir='ltr'>perpaucos</span> <span class='ocrx_word' id='word_1_272' title='bbox 1038 4673 1153 4757; x_wconf 86' lang='lat' dir='ltr'>urbis</span> <span class='ocrx_word' id='word_1_273' title='bbox 1170 4670 1317 4753; x_wconf 83' lang='lat' dir='ltr'>vestrae</span> <span class='ocrx_word' id='word_1_274' title='bbox 1337 4670 1570 4782; x_wconf 89' lang='lat' dir='ltr'>proditores</span> <span class='ocrx_word' id='word_1_275' title='bbox 1592 4669 1697 4773; x_wconf 90' lang='lat' dir='ltr'>fuit,</span> <span class='ocrx_word' id='word_1_276' title='bbox 1729 4703 1809 4759; x_wconf 91' lang='lat' dir='ltr'>non</span> 
     </span>
     <span class='ocr_line' id='line_1_37' title="bbox 402 4781 1806 4894; baseline 0.001 -30"><span class='ocrx_word' id='word_1_277' title='bbox 402 4781 476 4864; x_wconf 86' lang='lat' dir='ltr'>nifi</span> <span class='ocrx_word' id='word_1_278' title='bbox 499 4787 655 4868; x_wconf 88' lang='lat' dir='ltr'>invitus</span> <span class='ocrx_word' id='word_1_279' title='bbox 667 4785 916 4871; x_wconf 87' lang='lat' dir='ltr'>reminiscor</span> <span class='ocrx_word' id='word_1_280' title='bbox 935 4844 943 4862; x_wconf 92' lang='lat'>.</span> <span class='ocrx_word' id='word_1_281' title='bbox 975 4786 1023 4867; x_wconf 94' lang='lat' dir='ltr'>In</span> <span class='ocrx_word' id='word_1_282' title='bbox 1042 4812 1092 4869; x_wconf 89' lang='lat' dir='ltr'>eo</span> <span class='ocrx_word' id='word_1_283' title='bbox 1110 4784 1223 4867; x_wconf 90' lang='lat' dir='ltr'>enim</span> <span class='ocrx_word' id='word_1_284' title='bbox 1245 4781 1358 4865; x_wconf 90' lang='lat' dir='ltr'>bel-lo</span> <span class='ocrx_word' id='word_1_285' title='bbox 1377 4804 1511 4882; x_wconf 90' lang='lat' dir='ltr'>tetro,</span> <span class='ocrx_word' id='word_1_286' title='bbox 1530 4805 1660 4894; x_wconf 86' lang='lat' dir='ltr'>atque</span> <span class='ocrx_word' id='word_1_287' title='bbox 1680 4786 1806 4868; x_wconf 87' lang='lat' dir='ltr'>scele-</span> 
     </span>
     <span class='ocr_line' id='line_1_38' title="bbox 405 4893 1806 5008; baseline 0.001 -33"><span class='ocrx_word' id='word_1_288' title='bbox 405 4894 611 4991; x_wconf 84' lang='lat' dir='ltr'>stissrmo,</span> <span class='ocrx_word' id='word_1_289' title='bbox 640 4897 755 5008; x_wconf 92' lang='lat' dir='ltr'>quod</span> <span class='ocrx_word' id='word_1_290' title='bbox 784 4895 1068 5006; x_wconf 89' lang='lat' dir='ltr'>superioribus</span> <span class='ocrx_word' id='word_1_291' title='bbox 1093 4896 1208 4984; x_wconf 89' lang='lat' dir='ltr'>annis</span> <span class='ocrx_word' id='word_1_292' title='bbox 1237 4894 1291 4977; x_wconf 87' lang='lat' dir='ltr'>ad</span> <span class='ocrx_word' id='word_1_293' title='bbox 1320 4894 1585 4978; x_wconf 86' lang='lat' dir='ltr'>evellendam</span> <span class='ocrx_word' id='word_1_294' title='bbox 1613 4893 1806 4977; x_wconf 88' lang='lat' dir='ltr'>funditus</span> 
     </span>
     <span class='ocr_line' id='line_1_39' title="bbox 403 5002 1812 5117; baseline -0.003 -27"><span class='ocrx_word' id='word_1_295' title='bbox 403 5003 736 5093; x_wconf 86' lang='lat' dir='ltr'>Malateslarum</span> <span class='ocrx_word' id='word_1_296' title='bbox 759 5005 1066 5094; x_wconf 85' lang='lat' dir='ltr'>Pisaurensrum</span> <span class='ocrx_word' id='word_1_297' title='bbox 1089 5006 1259 5117; x_wconf 82' lang='lat' dir='ltr'>stirpem</span> <span class='ocrx_word' id='word_1_298' title='bbox 1283 5002 1704 5116; x_wconf 83' lang='lat' dir='ltr'>EugeniusPontifex</span> <span class='ocrx_word' id='word_1_299' title='bbox 1719 5004 1812 5087; x_wconf 86' lang='lat' dir='ltr'>Ma·</span> 
     </span>
     <span class='ocr_line' id='line_1_40' title="bbox 399 5113 1813 5314; baseline -0.002 -113"><span class='ocrx_word' id='word_1_300' title='bbox 399 5121 546 5203; x_wconf 77' lang='lat' dir='ltr'>ximus</span> <span class='ocrx_word' id='word_1_301' title='bbox 564 5118 705 5228; x_wconf 72' lang='lat' dir='ltr'>gessit,</span> <span class='ocrx_word' id='word_1_302' title='bbox 734 5147 832 5212; x_wconf 88' lang='lat' dir='ltr'>cum</span> <span class='ocrx_word' id='word_1_303' title='bbox 849 5148 927 5224; x_wconf 79' lang='lat' dir='ltr'>vos</span> <span class='ocrx_word' id='word_1_304' title='bbox 943 5146 969 5207; x_wconf 87' lang='lat' dir='ltr'>a</span> <span class='ocrx_word' id='word_1_305' title='bbox 983 5116 1492 5314; x_wconf 36' lang='lat' dir='ltr'>’sedibupzpropriismrbe</span> <span class='ocrx_word' id='word_1_306' title='bbox 1513 5117 1647 5202; x_wconf 87' lang='lat' dir='ltr'>vestra</span> <span class='ocrx_word' id='word_1_307' title='bbox 1670 5113 1813 5198; x_wconf 79' lang='lat' dir='ltr'>Pisau·</span> 
     </span>
     <span class='ocr_line' id='line_1_41' title="bbox 462 5240 1757 5320; baseline 0.005 -5"><span class='ocrx_word' id='word_1_308' title='bbox 462 5245 507 5316; x_wconf 84' lang='lat' dir='ltr'>P.</span> <span class='ocrx_word' id='word_1_309' title='bbox 525 5240 574 5320; x_wconf 87' lang='lat' dir='ltr'>II.</span> <span class='ocrx_word' id='word_1_310' title='bbox 1706 5248 1757 5309; x_wconf 71' lang='grc' dir='ltr'>ΓΟ</span> 
     </span>
    </p>
   </div>
   <div class='ocr_carea' id='block_1_4' title="bbox 0 0 2234 6750">
    <p class='ocr_par' dir='ltr' id='par_1_4' title="bbox 0 0 2234 6750">
     <span class='ocr_line' id='line_1_42' title="bbox 0 0 2234 6750; baseline 0 0"><span class='ocrx_word' id='word_1_311' title='bbox 0 0 2234 6750; x_wconf 95' lang='lat' dir='ltr'> </span> 
     </span>
    </p>
   </div>
  </div>
 </body>
</html>
