4459 6750
509 928 568 1010 7²
780 876 1510 996 M-VALE'RJUS

437 1054 530 1113 meo
547 1019 655 1106 mihi
674 1018 851 1131 dignum
871 1016 1002 1103 videri
1026 1017 1179 1118 debet,
1204 1041 1335 1129 quam
1356 1010 1383 1096 li
1402 1029 1480 1097 aut
1500 1034 1579 1140 per
1588 1030 1708 1093 meas
1729 1003 1855 1097 lucu·

444 1132 728 1220 bratiunculas
741 1153 837 1230 ,aut
857 1156 931 1240 ptr
949 1130 1244 1215 nonnullorum
1265 1127 1453 1209 virorum
1475 1119 1851 1251 studia,mearum

431 1245 674 1356 vigiliarum
692 1242 950 1327 emulatione
968 1264 1086 1327 mota
1098 1301 1110 1341 ,
1122 1267 1220 1324 cum
1240 1234 1463 1362 dodlorum
1482 1231 1851 1364 bominum,tum

432 1356 701 1452 scholarum,
728 1376 773 1437 at
807 1379 858 1435 ue
877 1377 1174 1464 preceptorum
1203 1351 1289 1433 ulla
1317 1345 1610 1475 familiaritate
1635 1341 1848 1475 Catullus

432 1464 748 1552 illustrabitur?
775 1378 931 1576 Quum
951 1466 1080 1574 igitur
1099 1467 1142 1546 in
1161 1458 1356 1545 omnibus
1378 1453 1624 1541 civitatibus
1642 1480 1847 1540 omnium

432 1574 783 1669 ferePoetarum,
811 1593 893 1684 que
911 1572 1157 1685 supersunt,
1185 1571 1340 1682 scripta
1353 1567 1618 1678 legerentur,
1649 1590 1704 1649 ac
1737 1564 1847 1652 solus

432 1684 649 1784 Catullus,
680 1706 774 1768 tum
792 1685 892 1796 quia
920 1681 1009 1785 ejus
1036 1683 1193 1796 scripta
1224 1676 1530 1811 corruptissima
1558 1694 1719 1777 erant,
1751 1697 1847 1766 tum

464 1801 532 1883 uia
549 1795 748 1882 carebant
768 1797 877 1879 inter
909 1817 1012 1893 rete,
1024 1794 1264 1880 scholarum
1283 1786 1770 1918 familiaritateorbatus
1787 1790 1847 1921 es·

432 1822 640 2008 ienbunc
650 1905 827 1991 Portam
846 1822 1200 1991 aiernditiffimis
1219 1899 1491 2011 scriptoribus
1510 1924 1683 1984 nomme
1691 1900 1843 1987 dourr-

430 2015 554 2117 limi,
582 2016 952 2129 elegantissimique
982 2014 1124 2101 Poetae
1155 2013 1411 2100 honoratum
1430 2012 1473 2140 in
1497 2007 1688 2112 scholas,
1711 2030 1848 2146 atque

427 2127 724 2236 magistrorum
743 2155 912 2225 manus,
942 2127 1082 2238 quoad
1104 2127 1223 2236 potui
1236 2178 1258 2224 ,-
1278 2149 1410 2232 nuper
1431 2120 1628 2205 inducere
1648 2140 1843 2255 tentavi.

429 2232 602 2319 Etenim
620 2236 649 2319 sr
666 2237 885 2347 utriusque
902 2239 1051 2348 linguae
1062 2239 1183 2345 petiti
1195 2233 1332 2318 nostro
1349 2232 1490 2332 seculo
1499 2230 1627 2316 Cives
1645 2258 1734 2320 mer
1746 2234 1846 2339 Cyl·

426 2345 583 2447 lenius,
611 2368 655 2432 at
687 2375 740 2431 ue
759 2349 977 2431 Domitius
996 2346 1127 2432 dodlis
1145 2341 1477 2431 enarrationibus
1494 2341 1576 2426 suis
1593 2344 1846 2476 interpreta-

425 2457 462 2538 ti
482 2455 610 2555 sunt,
638 2373 748 2541 aiter
767 2455 988 2542 Tibullum
1010 2515 1022 2555 ,
1050 2458 1159 2541 alter
1177 2453 1445 2560 Iuvenalem,
1477 2450 1761 2557 Martialem,
1783 2481 1843 2545 at·

454 2593 508 2650 ue
527 2565 751 2678 Papirium
777 2589 971 2652 externos
999 2567 1243 2679 scriptores,
1272 2582 1433 2679 quanto
1462 2561 1682 2651 studiofius
1710 2567 1843 2691 debui

424 2590 652 2762 {mullum
670 2681 807 2764 civem
825 2706 998 2776 meum,
1027 2678 1399 2790 quantulacunque
1417 2700 1512 2761 mea
1533 2675 1840 2784 declaratione,

423 2786 722 2896 interpretari?
752 2788 897 2899 Atque
926 2791 1092 2873 utinam
1111 2787 1331 2890 Cyllenio,
1361 2784 1643 2901 Domitioque
1663 2810 1840 2877 mecum

426 2891 565 2977 fuisset
587 2926 663 3007 pro
682 2894 814 2980 Poeta
841 2897 977 2982 nostro
1005 2899 1119 2982 idem
1149 2897 1398 3000 confilium,
1427 2900 1577 2984 eadem
1595 2899 1802 2988 voluntas
1831 2965 1844 3007 ,

424 3001 653 3116 similisque
669 3028 863 3105 conatus,
882 3029 941 3092 ut
970 3008 1197 3094 Catullum
1226 3008 1411 3094 nostrum
1441 3008 1744 3098 miserabiliter
1775 3019 1840 3101 di·

424 3111 624 3217 fiedlum,
652 3142 702 3201 ac
719 3122 981 3219 exanimem,
1005 3118 1152 3220 jandiu
1173 3122 1212 3202 in
1233 3119 1413 3203 tenebris
1430 3119 1634 3221 jacentem
1654 3175 1672 3223 ,
1695 3125 1738 3206 in
1762 3127 1843 3212 sua

422 3225 615 3312 membra
635 3229 905 3331 reducerent,
934 3251 1065 3343 atque
1085 3257 1110 3313 a
1132 3229 1401 3314 tenebrarum
1421 3229 1606 3317 sordibus
1624 3230 1665 3314 in
1686 3232 1843 3347 splen·

420 3335 564 3421 didam
586 3337 813 3425 ledlionum
832 3341 971 3426 lucem
993 3360 1245 3428 revocatum·
1262 3341 1411 3427 honori
1431 3343 1506 3428 suo
1528 3340 1802 3433 restituerent
1826 3382 1844 3452 ;

419 3450 536 3553 quod
556 3448 583 3526 s1
603 3448 811 3546 fecissent,
842 3450 1020 3536 Poetam
1042 3455 1232 3564 profesto
1251 3454 1460 3555 nostrum,
1489 3479 1626 3569 quem·
1647 3459 1726 3542 vix
1759 3460 1842 3572 spi·

419 3576 608 3652 tantem,
640 3582 689 3637 ac
719 3557 832 3638 male
860 3560 1033 3667 pedibus
1063 3566 1254 3646 innixum
1285 3564 1530 3677 respicimus
1544 3573 1564 3666 ',
1593 3568 1796 3656 vividum
1828 3633 1841 3673 ,

418 3662 665 3758 robustum,
694 3665 900 3763 nitidum,
920 3669 1187 3757 exultantem
1207 3671 1479 3763 haberemus.
1507 3675 1838 3774 Catullusenim

420 3770 627 3878 usquead
648 3769 754 3859 hanc
772 3797 940 3860 aetatem
961 3782 1002 3861 in
1022 3781 1425 3873 tenebrofislatebr'is
1439 3786 1671 3892 jacuitmec
1686 3795 1837 3881 ’adhuc

420 3879 529 3963 ullas
546 3883 854 3991 ptaeledliouum
876 3888 1386 3995 illustrationes,ullumve
1405 3903 1841 4014 interpretationislu·

398 4019 515 4092 ¹meu
535 3992 713 4079 habuit.
742 3995 932 4083 Conatus
951 4004 1080 4112 igitur
1098 4006 1191 4090 sum
1202 4065 1215 4105 ,
1244 4030 1373 4119 atque
1390 4015 1576 4115 tentavi,
1605 4012 1634 4098 ss
1658 4017 1840 4126 possem,

413 4101 477 4187 his
496 4104 856 4191 lucubrationibus
885 4111 1084 4197 suscitare
1104 4115 1283 4202 Poetam
1303 4122 1355 4205 de
1380 4121 1522 4209 Patria
1543 4125 1683 4212 nostra
1705 4128 1835 4216 bene·

414 4216 642 4315 meritum,
672 4240 720 4301 ut
750 4216 777 4298 sr
805 4220 937 4306 literis
964 4223 1126 4335 aliquid
1156 4228 1300 4329 valeo,
1332 4260 1413 4317 non
1444 4256 1615 4320 tantum
1634 4245 1835 4348 externis

283 4367 285 4372 ·
411 4324 926 4440 scriptoribus‚quantum
943 4336 1027 4419 civi
1047 4337 1184 4423 nostro
1233 4342 1389 4427 todesle
1408 4345 1549 4431 multo
1580 4349 1830 4458 lludiosrus,

411 4452 542 4537 atque
561 4436 767 4524 honestius
787 4442 957 4527 voluisse
975 4448 1120 4532 videar
1140 4512 1149 4530 .
1231 4478 1278 4535 ec
1300 4480 1398 4540 vero
1418 4457 1829 4558 multum'reformi·

412 4543 548 4643 dabo,
574 4550 678 4657 quid
699 4553 739 4632 in
760 4578 830 4633 me
848 4554 1076 4641 inhumana
1097 4560 1255 4646 invidia
1276 4562 1326 4647 stt
1355 4571 1653 4655 machinatura
1675 4627 1691 4674 ,
1723 4578 1825 4689 quia

407 4681 512 4765 opus
530 4654 610 4740 hoc
630 4660 776 4744 multis
797 4666 837 4743 in
854 4666 956 4749 locis
972 4667 1233 4755 diminutum
1253 4733 1265 4773 ,
1296 4676 1343 4761 bt
1373 4682 1414 4760 in
1444 4680 1641 4790 pluribus·
1673 4686 1828 4799 depra-

406 4788 558 4849 vatum
580 4829 591 4866 ,
615 4795 743 4881 atque
770 4771 825 4854 ob
855 4774 900 4857 id
925 4776 980 4861 ab
999 4780 1299 4868 eruditioribus
1330 4788 1537 4874 bonarum
1567 4792 1823 4884 litterarum

400 4873 704 4964 professoribus
725 4902 926 4993 tanquam
943 4889 1269 5002 cadaver,quod
1289 4898 1411 4983 nullis
1430 4898 1624 4990 humanis
1644 4910 1828 5019 opibus,

319 5094 322 5097 Α
398 4989 571 5075 nullove
588 4993 751 5102 ingenio
769 5000 946 5080 excitari
966 4998 1086 5109 possi,
1105 5001 1355 5090 obscuritati
1380 5009 1603 5115 relidlum,
1630 5043 1717 5130 ego
1738 5050 1826 5108 me·

397 5097 527 5186 diocri
549 5102 706 5210 studio,
736 5132 813 5190 nec
839 5104 952 5200 claro
967 5109 1204 5201 admodum
1225 5118 1410 5227 ingenio,
1439 5122 1589 5211 audaci
1621 5155 1823 5236 conatu,

1674 5244 1758 5329 srm
