4459 6750
867 902 911 1009 Ρ
940 907 983 1012 O
1014 907 1065 1013 E
1097 899 1209 1014 TI
1237 904 1370 1017 CA·
1654 944 1753 1026 ²03

412 1036 545 1148 suam
564 1076 674 1145 vero
695 1042 995 1186 Paraphrasin
1018 1082 1192 1188 magua
1215 1086 1276 1148 er
1290 1081 1424 1187 parte
1438 1039 1823 1150 elucubralleBu-

412 1177 711 1303 chananum,
747 1182 975 1324 puriffimi
994 1191 1193 1329 quidem
1209 1185 1415 1327 eloquii,
1437 1183 1513 1290 sed
1533 1179 1820 1328 nequissimae

413 1321 632 1427 dontinae
643 1398 659 1442 ‚
679 1362 732 1423 ac
746 1333 857 1429 uitae
877 1324 1164 1446 hominem,
1181 1338 1234 1427 in
1247 1328 1551 1431 Monasterio
1580 1329 1704 1467 apud
1723 1337 1820 1434 Lur·

413 1456 616 1583 fitanos,
646 1472 698 1563 in
718 1465 861 1602 ‚quod
884 1460 1100 1564 detrusus.
1128 1461 1282 1564 suerat
1314 1461 1456 1600 ipsius
1491 1477 1708 1607 nequitia
1730 1464 1823 1576 sua:

414 1597 582 1705 causa.
1292 1695 1295 1702 .

486 1741 565 1841 Ad
588 1741 1033 1872 Jovitamnolirum
1057 1744 1238 1866 redeo,
1268 1757 1322 1845 δι.
1336 1751 1581 1848 [οᾶαῐεω
1614 1779 1821 1871 moneo,¹

408 1881 463 1977 in
484 1877 725 2018 Opusculo
753 1878 818 1982 ab
838 1922 902 1984 eo
931 1880 1223 2026 conscripto,
1249 1886 1381 2027 quod
1414 1887 1480 1986 de
1498 1893 1817 1990 Grammatica

410 2056 462 2117 re
485 2055 676 2159 agentes
694 2035 1098 2147 memoravimus,
1128 2035 1193 2128 ita
1217 2022 1446 2166 puerilem
1468 2028 1827 2134 institutionem⁴
1849 2128 1875 2151 „

409 2157 643 2264 enucleati
666 2235 688 2282 ,
716 2197 771 2265 ut
801 2162 932 2302 plura
954 2174 1005 2267 in
1032 2207 1087 2267 eo
1112 2167 1169 2267 ad
1195 2202 1362 2306 pueros
1379 2175 1527 2269 etiam·
1553 2155 1876 2294 informen-fis*

404 2296 491 2398 dos
511 2300 570 2401 ad
593 2310 826 2409 Poeticam
845 2301 1138 2545 disciplinam
1155 2304 1290 2407 utilia
1318 2314 1666 2410 contineantur.
1703 2312 1814 2408 Mo-
1944 2379 1972 2441 ἑ.

406 2473 501 2537 neo
546 2437 787 2583 insuper,
835 2444 1130 2585 Opuculum
1171 2443 1290 2549 illud
1323 2446 1506 2548 editum
1549 2486 1622 2548 an.
1663 2485 1810 2570 1551·.
1859 2469 1954 2548 Ψ*

400 2586 627 2683 ⁴Venetiis
662 2578 838 2705 fuisse,
870 2584 1043 2692 omisso
1072 2622 1231 2688 tamen
1268 2596 1543 2707 Prooemio,
1580 2587 1715 2724 quod
1757 2622 1821 2684 ex

407 2710 533 2842 libro
565 2757 711 2825 mauu
737 2761 925 2827 exarato
956 2733 1276 2846 recitavimus.
1313 2723 1664 2866 Typographus⁴
1681 2736 1826 2827 Fran·

408 2853 528 2957 cisco
547 2868 738 2964 Donato
757 2875 1063 2967 venetiarum
1083 2875 1284 3008 Principi
1318 2865 1437 2968 illud
1457 2863 1634 2968 dicavit
1644 2940 1664 2985 2
1688 2862 1817 2963 hunc

404 2993 621 3136 pluribus
639 3003 697 3104 de
720 3003 864 3105 caulis
890 3003 1192 3129 collaudans,
1219 3023 1265 3109 δι
1290 3018 1411 3111 inter
1437 3042 1620 3123 ceteras
1640 3079 1665 3125 ,
1685 3000 1817 3142 quod

404 3148 516 3237 S.C.
539 3148 659 3242 Viro
682 3151 892 3277 optimo,
928 3160 975 3243 δι
995 3158 1127 3285 Reip.
1147 3146 1461 3263 amantissimo
1483 3145 1733 3258 referente,
1748 3137 1818 3241 fa·

402 3278 631 3393 ciendum
658 3295 927 3399 curaverat,
962 3320 1016 3380 ut
1050 3294 1103 3380 in
1128 3284 1321 3414 singulis
1343 3286 1488 3379 Urbis
1508 3276 1809 3411 regionibusj

402 3452 527 3553 quos
556 3456 615 3517 ex
640 3456 842 3519 numero
861 3425 1085 3543 Serterios
1110 3452 1315 3533 vocant,
1346 3422 1456 3519 Viri.
1493 3409 1613 3515 bene
1645 3408 1811 3511 literati

405 3592 524 3655 cum
549 3552 631 3658 suo
654 3554 850 3700 quisque
874 3551 1233 3699 hypodidascalo
1267 3565 1332 3655 ita
1366 3549 1552 3694 publice
1588 3551 1817 3654 conduce-

407 3733 567 3818 rentur
572 3774 591 3819 0
627 3737 682 3801 ur
716 3694 927 3802 universa
958 3704 1099 3799 totius
1135 3703 1355 3797 Civitatis
1384 3688 1686 3801 adolescentia
1720 3689 1816 3793 fine

405 3832 511 3934 ullo
530 3838 838 3938 incommodo
858 3833 1025 3932 habere
1048 3832 1180 3970 possit
1196 3909 1216 3950 ,
1247 3835 1374 3934 unde
1396 3831 1530 3936 bonis
1551 3834 1729 3952 literis„
1766 3844 1814 3931 δι

408 3971 619 4076 honestis
639 3970 889 4114 disciplinis
918 3968 1112 4073 fideliter
1142 3966 1414 4072 imbuatur.
1440 3978 1647 4088 Jovitam
1668 3980 1813 4105 Rapi-

400 4122 536 4215 cium
555 4127 653 4240 ejus
675 4108 1171 4253 OpusculiAudiorem
1188 4109 1341 4209 laudat
1352 4106 1725 4245 Typograplrus,
1763 4122 1812 4217 δε

401 4251 529 4358 illud
542 4253 735 4396 plenum
755 4251 886 4356 bono
898 4250 1049 4391 frugis
1068 4252 1128 4351 ad
1150 4258 1351 4351 amicam
1368 4242 1453 4345 fibi
1463 4253 1698 4347 civitatem
1715 4281 1815 4345 ma-

405 4427 510 4531 gno
531 4404 724 4535 ingenio
734 4471 750 4514 ,
763 4409 811 4494 &
830 4429 923 4495 arte
948 4389 1170 4529 singulari
1189 4387 1410 4526 scriptum
1434 4385 1660 4505 affirmat,
1682 4421 1729 4487 at
1748 4393 1813 4484 ci-

407 4545 605 4636 vitatem
632 4533 766 4635 illam
788 4569 886 4631 non
913 4540 1154 4649 nominat,
1176 4565 1322 4667 quam
1343 4527 1490 4630 codex
1506 4532 1606 4633 MS..
1617 4563 1714 4669 quo
1734 4521 1818 4627 usi

405 4670 570 4777 sumus
592 4750 607 4794 ,
627 4671 897 4777 declaravit.

472 4821 656 4952 Rapicii
690 4853 787 4915 non
823 4821 873 4914 in
915 4821 1130 4915 Oratoria
1166 4846 1395 4929 tantum,
1430 4806 1506 4910 sed
1541 4815 1594 4910 in
1630 4815 1809 4908 Poetiea

398 4960 543 5055 etiam
573 4948 812 5094 disciplina
848 4953 1169 5094 praestantiam·
1193 4951 1406 5058 Thomas
1435 4953 1590 5069 Junta‘
1612 4944 1805 5083 Virgilii

402 5101 616 5223 Maronis
640 5106 798 5236 Opera
826 5094 886 5197 ad
911 5129 1120 5200 veterum
1140 5091 1480 5235 exemplarium
1507 5086 1652 5204 fidem
1668 5085 1810 5206 ,castis

1104 5246 1260 5338 Cea
1635 5257 1742 5364 pm
