4459 6750
774 867 1279 983 POETICA.

486 1003 548 1091 Ar
581 1009 734 1097 demum
759 1013 938 1121 populum
967 1014 1115 1126 referre
1144 1012 1264 1098 disis.
1330 1097 1333 1101 ,

488 1119 570 1202 Nil
593 1127 695 1206 certi
723 1143 858 1208 tamen
883 1121 1024 1234 adfuit
1041 1121 1208 1237 subinde
1217 1137 1237 1222 ς

492 1231 618 1420 1ἳῆιοιί
637 1229 796 1338 paulurn
819 1232 982 1342 pauidos
1011 1236 1148 1346 refecit
1177 1239 1322 1320 omnes.'

499 1343 534 1415 0
588 1341 635 1423 id
652 1343 758 1448 quod
772 1345 808 1450 st
835 1351 1161 1431 inamataParca
1189 1371 1283 1431 vere

497 1454 558 1533 Te
590 1452 689 1534 nobis
718 1455 897 1565 eapuiffet
908 1482 926 1549 ;
953 1451 1022 1533 hoc
1043 1452 1173 1570 fuifflt

502 1560 685 1657 Crudeli,
714 1562 902 1663 celerique
930 1568 1156 1648 nuntiatum

501 1673 561 1753 Es
582 1670 694 1756 uerbo
706 1729 718 1769 ‚
748 1671 791 1754 θ
810 1671 984 1772 calamo,
1013 1700 1042 1756 a
1069 1673 1237 1792 uirisque
1263 1677 1395 1765 certis.

500 1782 586 1865 Sed
608 1780 736 1864 dulces
765 1787 944 1886 quoniam
960 1788 1100 1870 timent
1127 1791 1267 1890 amici,

502 1898 586 1974 Nos
607 1919 736 1974 rumor
765 1891 895 1976 dubios
913 1952 925 1992 ,
946 1894 989 1977 6*
1008 1895 1229 2002 hafitantes

454 2082 459 2090 .
505 2001 684 2085 Multum
710 2000 881 2088 detinuit
899 2003 1049 2107 malus-3
1079 2030 1239 2094 renatus

505 2116 643 2199 Donec
672 2110 845 2198 redditus
873 2112 1180 2309 omnibusluiq‘li.

505 2229 591 2306 Nos
611 2251 701 2308 uero
723 2226 808 2324 jam
835 2223 1008 2326 hilares,
1057 2258 1125 2313 ono
1155 2251 1269 2337 porta

504 2341 699 2436 seruato,
728 2334 900 2421 dabimus
925 2344 997 2446 piis
1026 2347 1231 2444 quotannis

503 2445 648 2532 Thura
677 2446 867 2533 altaribus
893 2457 1056 2536 omniurn
1082 2453 1258 2537 deorum.

468 2608 477 2619 -
506 2563 629 2641 Viuas
649 2587 774 2659 nunc,
793 2558 1035 2647 memorande
1056 2568 1299 2671 Quintiane,

502 2668 646 2779 Muſss,
677 2670 721 2754 (l
740 2671 839 2769 tibi,
866 2669 1049 2866 l2l‘735’
1079 2681 1233 2759 amicis.

500 2784 656 2891 Dignus
674 2781 870 2894 Nestoreos
927 2784 1040 2871 abere
1067 2786 1113 2870 ὁ·
1141 2814 1258 2870 annos

506 2891 700 2975 Phoenicis
727 2890 911 2999 Pharia,
942 2896 1047 2981 ualet
1075 2897 1183 3002 quod
1203 2926 1299 2986 unus

506 3007 669 3105 Omnes,
686 3001 758 3116 seu
787 3011 927 3090 teneris
946 3013 1051 3090 canis
1068 3014 1269 3111 camoenis,

508 3115 687 3219 Amplis,
704 3111 775 3222 seu
804 3116 966 3198 celebras
993 3118 1105 3202 duces
1132 3120 1293 3207 latinos.

510 3227 742 3304 Revertaris
769 3251 834 3330 ego
862 3224 976 3309 uelim
996 3246 1111 3333 poeta
1123 3285 1136 3328 ,

510 3332 736 3438 Expeiiant
767 3331 935 3415 reditum
963 3355 1148 3438 tuumque
1165 3337 1309 3441 amici,

509 3445 571 3525 Ut
586 3440 713 3555 poffint
730 3447 844 3525 citius
861 3464 941 3525 tuo·
955 3441 1124 3526 dolorem

506 3557 652 3641 Moeris
680 3552 901 3665 destruere,
931 3552 974 3637 (t'
991 3550 1112 3663 stmul
1132 3556 1278 3655 iocari.

418 3769 850 3907 Hendecasyllabon
891 3772 979 3873 hoc
1017 3768 1355 3913 subsequuntur
1389 3778 1518 3884 illico
1553 3781 1673 3921 elegi
1707 3789 1759 3878 in

352 3917 569 4020 Mulieres
593 3914 738 4014 vestes
761 3908 975 4011 caudatas
998 3906 1217 4034 ferenteS,
1249 3953 1454 4054 quotum
1481 3929 1631 4059 priora
1654 3916 1761 4020 affe.

352 4096 450 4160 ram
483 4053 708 4158 disticha.

459 4218 614 4307 Scilicet
633 4218 715 4303 hac
732 4248 777 4303 no
807 4221 858 4300 ris
876 4220 1015 4304 deerat
1034 4245 1182 4323 quoque
1203 4214 1346 4331 fabula
1364 4218 1545 4326 damnis,

516 4329 727 4445 Causaque
774 4334 941 4413 oemineae
971 4335 1143 4414 maxima
1171 4335 1372 4433 nequitia.

462 4449 557 4528 Non
592 4464 681 4526 crat
700 4444 889 4548 implicitis
905 4439 973 4553 sat
991 4441 1169 4552 frontem
1189 4467 1329 4524 ornare
1345 4444 1520 4553 capillis,

530 4562 590 4640 Et
610 4553 759 4664 faciem
785 4550 968 4656 exhaustis
987 4549 1138 4665 fingere
1155 4551 1380 4657 pyxidibus?

469 4666 603 4785 Ipsum
622 4666 798 4750 coccineis
826 4669 996 4749 intexere
1024 4692 1071 4747 uc
1099 4662 1177 4746 ibus
1209 4672 1380 4746 aurum?

524 4789 660 4885 Atque
681 4774 798 4889 ipsum
824 4781 865 4858 in
893 4781 1025 4859 uarios·
1095 4774 1201 4859 Here
1217 4774 1320 4859 mille
1337 4775 1491 4867 modos?

469 4890 640 4978 Pellibus
668 4886 918 4994 &Scythicis
945 4885 1081 4971 hiemes
1099 4890 1232 4970 uitare
1255 4883 1432 5003 nivosas?

531 5015 665 5108 Atque
682 4999 786 5114 estus
810 5004 936 5107 pennis
964 4998 1105 5105 pellere
1125 4996 1323 5081 Niliacis?

468 5121 630 5227 Cingere
659 5112 708 5196 ab
737 5133 905 5200 extremo
925 5106 1104 5198 deduliis
1132 5106 1221 5196 urbe
1238 5106 1378 5217 lapillis
1625 5221 1672 5300 N

1673 5244 1719 5298 on
