4459 6750
460 982 578 1067 rw
817 943 1394 1052 SYNOPSI&

402 1088 543 1193 pitium
562 1152 571 1169 .
602 1088 680 1168 Hie
701 1088 923 1168 Vitruvium
941 1084 1067 1171 edidit
1079 1087 1151 1198 suh
1169 1110 1353 1170 extremos
1371 1081 1586 1167 innocentii
1602 1085 1706 1162 VII!
1722 1092 1825 1166 Porr-

404 1193 575 1388 φθαίη]
608 1204 752 1279 annot,
798 1196 904 1279 Idem
933 1200 1147 1279 Comoedias
1176 1202 1307 1281 Roma
1335 1192 1525 1307 restituit.
1568 1194 1765 1276 Otrrniboni
1797 1226 1827 1275 a

442 1306 644 1415 alphurnio
668 1308 783 1393 laur.
823 1313 1060 1391 Recitantur
1089 1303 1215 1418 oersur
1243 1304 1422 1388 Danielis
1438 1307 1570 1385 Cereri
1597 1310 1637 1383 in
1665 1303 1823 1386 laudem

400 1414 857 1522 primumTahcrii,dein
870 1419 1118 1514 Britannici,
1130 1441 1178 1497 ac
1194 1417 1352 1498 tandem
1370 1417 1592 1523 Hieronymi
1605 1414 1818 1499 Advocati.

897 1631 1338 1719 PER'SIUS.

464 1859 589 1971 Pcrfio
624 1858 861 1966 explanando
882 1859 1053 1956 Joannes
1081 1854 1330 1941 Britannicus
1372 1852 1570 1960 Briaienſsr
1618 1857 1817 1940 incubuit.

407 1974 589 2055 Meminit
611 1971 814 2072 Palatini,
841 1966 1130 2081 municipirsui,
1162 1971 1286 2072 quiin
1306 1963 1440 2077 Officia
1459 1970 1672 2065 Ciceronis,
1689 1967 1734 2050 (r
1746 1974 1818 2050 Va·

406 2079 543 2173 ieriom
563 2086 779 2165 Maximum
797 2080 974 2188 quadam
993 2075 1162 2188 scripit.
1195 2079 1416 2158 Macrinum
1431 2081 1472 2178 in
1490 2080 1638 2178 Satyra
1644 2076 1820 2189 secunda

407 2191 529 2299 Perfii
547 2195 819 2289 memoratum,
850 2196 942 2275 item
961 2192 1183 2294 municipem
1202 2188 1316 2295 sunm
1328 2181 1442 2300 fuiffe
1466 2186 1688 2297 contendit.
1721 2198 1816 2272 Pro·

407 2296 484 2382 diit
502 2330 600 2383 anno
618 2297 691 2404 148
704 2331 736 2384 1·
747 2308 938 2384 Brixiana
950 2298 1083 2381 Editio
1093 2301 1460 2381 Commentariorum
1476 2298 1554 2398 ep'ur
1571 2303 1612 2377 in
1626 2297 1819 2411 Berſsum.

405 2407 507 2489 ¹Alia
527 2408 663 2493 Editio
683 2416 872 2499 Brixiana
893 2409 1010 2519 Perfii
1029 2406 1110 2515 fine
1137 2411 1234 2490 notit
1259 2405 1542 2520 antiquifflma.
1574 2413 1640 2519 De
1660 2409 1820 2513 Epocha

404 2518 678 2628 Typographia
697 2526 871 2603 Brixiam
890 2522 1052 2605 inveliae
1069 2536 1163 2602 ante
1189 2542 1334 2598 annum
1358 2541 1491 2624 1474·
1509 2513 1691 2631 Affertur
1709 2548 1754 2601 tx
1772 2550 1819 2601 ea

407 2628 615 2715 Editionnc
633 2637 727 2711 anni
749 2634 869 2735 1481.
886 2629 1052 2749 Epistola
1070 2630 1370 2733 Nuncupatoria
1390 2633 1609 2710 Britannici
1626 2628 1686 2708 ad
1702 2634 1819 2711 Sena-

404 2759 488 2816 tum
509 2744 752 2822 Brixianam.
786 2747 832 2822 ln
851 2740 985 2822 eadem
1004 2737 1195 2823 laudatur
1207 2735 1372 2820 Gabriel
1381 2738 1581 2839 Emut,ah
1598 2738 1817 2821 aliitrtiam

403 2844 643 2928 celebratur.
674 2854 720 2928 In
742 2854 890 2933 Veneta
905 2851 1086 2931 Editione
1102 2853 1198 2953 anni
1222 2867 1341 2945 1520.
1352 2852 1639 2932 Commentario
1658 2855 1820 2934 Britan-

405 2956 481 3033 nici
505 2956 785 3064 conjunguntur
811 2985 897 3039 cunt
923 2963 1088 3042 Cornuti
1113 2954 1358 3070 Philosophi,
1397 2963 1564 3058 Fontii,
1592 2959 1636 3043 θ
1666 2960 1820 3044 Plautii

313 3071 317 3079 '
405 3066 721 3167 Commentariis,
752 3065 802 3153 de
820 3068 949 3172 quibus
978 3067 1139 3172 aliqua.
1172 3072 1423 3150 Britannicus
1448 3069 1491 3152 ob
1519 3096 1605 3152 eam
1622 3097 1818 3179 nuncupa.

405 3177 545 3257 tionem
560 3204 696 3258 munuc
712 3206 739 3258 a
761 3183 945 3262 Brixiano
965 3184 1115 3261 Senatu
1133 3182 1279 3282 accepit
1299 3228 1314 3273 ,
1343 3176 1480 3284 dequo
1504 3182 1545 3259 in
1566 3185 1694 3263 Statii
1711 3188 1820 3263 Com·

403 3290 678 3369 ntentariorum
696 3297 1003 3396 nuncupatione.
1047 3288 1155 3371 Idem
1187 3291 1438 3371 Britannicus
1467 3293 1587 3374 etiam
1613 3295 1654 3370 in
1680 3292 1820 3393 Syloat

403 3402 530 3481 Statii
546 3397 728 3502 quadarn
746 3407 952 3502 exaravit,
978 3421 1124 3507 prater
1144 3399 1214 3483 illa
1234 3401 1539 3487 Commentario.

890 3610 1338 3754 stamus.

464 3833 689 3919 Britannici
707 3832 814 3922 labor
832 3841 873 3917 in
884 3843 1087 3934 Statium.
1120 3840 1216 3937 Eius
1230 3841 1279 3927 dc
1294 3845 1466 3953 perfetio
1479 3839 1702 3928 Achilleidir
1726 3856 1819 3930 Poe·

402 3941 515 4030 'mate
526 3943 746 4060 sententia.
776 3945 958 4064 Affertur
973 3951 1051 4049 ejus
1070 3948 1235 4063 Epistola
1256 3961 1557 4061 Nuncupatoria
1571 3959 1633 4038 ad
1651 3957 1814 4042 Petrum

403 4060 588 4142 Comitem
597 4058 1443 4176 Gambarensem'tirEditioncBrixianaanni
1456 4069 1580 4173 1485.·
1606 4074 1676 4153 De
1685 4076 1815 4151 Fran-

404 4168 494 4280 cisti
513 4173 764 4255 Maturantii
786 4180 827 4253 in
844 4172 944 4256 idem
962 4168 1104 4257 Poema
1120 4176 1414 4260 Commentariit
1433 4240 1442 4258 .
1473 4183 1643 4262 Carmen
1662 4181 1812 4286 Elegia·

402 4305 489 4359 cum
510 4282 731 4362 Britannici
758 4281 818 4362 ad
830 4280 991 4366 eundem
1005 4287 1214 4387 Comitem,
1243 4285 1450 4373 ubimulta
1468 4289 1518 4372 de
1545 4292 1624 4390 rint
1647 4291 1814 4401 familie

399 4382 619 4500 splendore,
648 4387 691 4473 θ
708 4389 990 4507 munificentia.

821 4610 1397 4722 J'UVENAMS,

432 4901 435 4906 .
457 4824 583 4917 Primi
596 4831 805 4936 Juvenalis
826 4839 1078 4949 interpreter,
1107 4874 1196 4952 quot
1213 4846 1392 4933 exhibent
1411 4870 1557 4937 oereres
1577 4856 1816 4951 Editionet,

368 5021 370 5026 .
399 4942 599 5046 Sabinus,
627 4955 662 5033 C
667 4949 888 5054 alderinut,
914 4957 1095 5059 Merula,
1126 4957 1273 5060 Valla,
1303 4964 1561 5047 Mancinellut
1590 5030 1599 5048 .
1641 4966 1818 5065 Joannet

398 5061 650 5145 Britannicus
677 5059 800 5149 eidem
818 5062 1040 5178 illustrando
1059 5069 1104 5182 se
1122 5068 1260 5156 dedit.
1301 5073 1493 5157 Brixiana
1521 5077 1599 5177 ejus
1612 5075 1819 5161 'commen-

395 5175 589 5258 tariorum
608 5175 747 5263 Editio
773 5202 873 5260 anno
905 5199 1025 5281 1501.
1060 5180 1292 5289 publicata,
1321 5205 1396 5267 non
1426 5192 1590 5271 omniurn
1612 5194 1822 5296 prinecps.

1617 5300 1761 5384 Aliam
