4459 6750
837 897 1353 1033 ¹POETICA·
1638 945 1739 1033 277

412 1033 527 1142 barae
543 1041 858 1142 'narrationem
890 1077 1062 1180 magna
1101 1079 1309 1180 exparte
1343 1047 1662 1151 continentem
1675 1119 1692 1165 ,
1726 1052 1804 1148 cui

411 1183 561 1321 postea
597 1217 772 1280 nomen
804 1176 940 1281 suum
972 1182 1235 1320 prefigere,
1271 1182 1626 1320 quodammodo
1652 1181 1804 1288 ambi·

409 1356 502 1418 tet.
552 1317 839 1420 Polsevinum
867 1316 1098 1456 O'pusc'u'la
1120 1323 1331 1457 quadam
1368 1317 1451 1423 sub
1479 1321 1682 1427 aliorum
1718 1365 1803 1426 no·

413 1467 544 1556 mine
570 1454 822 1594 aliquando
851 1455 1108 1593 evulgalle,
1132 1457 1796 1565 Auuoresssiblioth.1²r³.80c.

414 1591 517 1716 Jesu
554 1632 638 1693 nos
668 1630 890 1711 monent,
928 1610 974 1693 δι
1002 1604 1085 1695 tria
1124 1590 1441 1718 hujuscemodi
1471 1595 1558 1698 alle
1591 1637 1670 1701 ant
1693 1677 1709 1720 ,
1729 1611 1803 1704 in·

415 1770 482 1833 ter
516 1772 617 1871 q-uae
645 1741 849 1832 minime·
884 1734 1008 1833 adest
1042 1741 1320 1852 Tractatio,
1351 1733 1407 1836 de
1435 1772 1528 1884 qua
1553 1634 1695 1842 locun
1728 1735 1754 1842 s
1780 1803 1800 1823 ·

415 1909 544 1971 mus.

457 2011 624 2112 Haud
650 2008 820 2128 silebo,
841 2011 969 2112 aliud
992 2014 1048 2113 de
1073 2008 1298 2113 Columbi
1319 2021 1622 2153 navigatione
1634 1980 1810 2118 'Poema
1892 2101 1896 2109 .

408 2151 589 2249 editum
612 2147 742 2247 fuiffe
768 2189 818 2249 ea
852 2147 943 2288 ipsa
970 2153 1235 2291 tempestate
1263 2192 1287 2250 a
1313 2149 1621 2271 JulioCaesare
1648 2153 1800 2274 Stella,

408 2286 558 2389 nobili
580 2300 825 2408 Romano,
861 2325 941 2389 aut
962 2285 1121 2392 saltem
1146 2305 1241 2415 ejus
1261 2300 1489 2390 Poematis
1514 2289 1654 2392 libros
1684 2295 1800 2393 duos

407 2436 609 2568 priores,
645 2466 757 2555 nam
779 2464 855 2528 eos
889 2466 1073 2531 tantum
1109 2423 1294 2529 exhibet
1329 2427 1511 2528 libellus
1532 2442 1695 2533 Romae
1725 2470 1799 2533 an.

414 2584 559 2688 1589.
582 2565 688 2668 e-vul
724 2605 856 2686 atus,
886 2578 973 2708 qui
997 2567 1119 2667 mihi
1155 2577 1204 2668 in
1232 2565 1456 2667 manibus.
1476 2571 1570 2688 est,
1606 2565 1805 2708 praefett-

437 2743 493 2805 ue
521 2605 735 2805 Francild
763 2716 916 2806 Bencii
936 2706 1187 2845 Epistulam
1216 2707 1273 2807 ad
1295 2715 1560 2825 Ledtorem,
1584 2744 1677 2845 qua
1706 2708 1801 2805 duo
1946 2813 1950 2822 ¹

383 2745 473 2942 illi
497 2841 605 2942 libri
627 2881 848 2983 tanquam
870 2845 1016 2944 foetus
1032 2842 1291 2946 excellentis
1313 2853 1516 2984 ingenii,
1553 2861 1605 2945 dt
1625 2849 1800 2946 inAtte

404 2992 582 3083 Poetica
607 2981 736 3120 supra
753 2980 880 3083 suam
902 3019 1110 3101 aetatem,
1134 2985 1558 3084 &admirationem
1581 2991 1803 3083 omnium

404 3129 633 3219 exercitati
661 3117 955 3218 adolescentis
974 3195 989 3238 ‚
1007 3119 1355 3236 collaudantur,
1372 3117 1626 3260 iisdemque
1647 3117 1805 3220 suffra·

404 3269 484 3397 gia
512 3263 580 3355 M.
605 3261 803 3353 Antonii
825 3264 1027 3373 Mureti,
1062 3266 1179 3355 Petri
1203 3266 1437 3373 Victorii,
1475 3258 1665 3393 Angelii
1697 3269 1803 3358 Bar-

405 3406 493 3533 gaei
518 3473 532 3515 ‚
569 3392 718 3494 Fulvii
745 3391 930 3512 Urfini,
952 3390 1334 3511 loannieTonst‚
1358 3400 1557 3493 Antonii
1581 3402 1801 3529 Qtatren-

402 3546 488 3674 gi,
526 3539 668 3632 Marii
686 3541 864 3650 Curtii,
899 3571 958 3631 ac·
985 3532 1184 3631 demum
1207 3527 1373 3630 Garstae
1396 3525 1595 3650 Loaisae·‚
1626 3528 1798 3671 quibus

402 3669 626 3775 omnibus
647 3682 778 3806 Opus
799 3667 938 3770 suum·
960 3664 1304 3808 inspiciendum.
1319 3669 1503 3772 dederat
1533 3672 1556 3787 J
1561 3664 1623 3768 ul.
1652 3666 1798 3773 Caesat

402 3809 539 3911 Stella
553 3886 566 3927 ,
579 3804 784 3908 accellrlle
806 3806 1098 3947 perhibentur
1112 3885 1132 3905 .
1159 3815 1346 3907 Mirum
1366 3815 1418 3908 iu
1442 3814 1667 3910 ea-Rencii
1685 3817 1801 3910 Pra-

402 3947 581 4051 fatione
613 3944 794 4051 nullam
822 3942 1006 4085 prorsus
1035 3953 1325 4047 mentionem
1360 3942 1460 4043 fieti
1481 3955 1709 4046 Poematis
1742 3946 1805 4047 de

402 4091 571 4192 eodem
594 4084 874 4224 argumento
895 4080 1141 4221 compositi
1162 4124 1188 4181 a
1213 4078 1444 4182 Gambara
1458 4087 1799 4199 Brixiachu-
1847 4178 1850 4183 ,

402 4245 473 4357 fus
499 4264 618 4329 certe
645 4227 742 4327 laus
767 4228 861 4343 est,
897 4232 1151 4365 principem
1176 4221 1371 4358 vestigia
1395 4213 1606 4358 poluilse,
1629 4234 1678 4317 δι
1700 4255 1802 4319 ma-

393 4376 581 4469 -ximam
619 4373 891 4466 aManutio
918 4360 1381 4462 commendationem
1406 4394 1429 4459 r
1516 4352 1675 4458 rtaffe.
1707 4353 1802 4475 lul.

401 4502 546 4616 Caesar
568 4503 732 4623 Stella,
756 4496 870 4603 licet
891 4512 1110 4603 Romana
1138 4495 1379 4602 nobilitate
1397 4394 1601 4635 ἑξετεῖ
1618 4567 1639 4615 ‚
1655 4491 1801 4596 'haud

393 4682 560 4751 tamen
579 4683 696 4785 agre
717 4641 888 4746 ferebat
903 4645 991 4768 (ut
1004 4651 1136 4780 'patet
1160 4648 1328 4763 exejus
1347 4632 1549 4776 Epistola
1568 4629 1723 4736 Italica
1736 4634 1800 4736 ad

406 4794 660 4885 Odiavium
683 4781 931 4900 Rubeum‚
966 4820 1067 4921 quat
1097 4776 1266 4918 legitur
1290 4783 1410 4878 inter
1430 4771 1660 4913 Epistulas
1687 4766 1805 4898 ejus·

403 4926 515 5025 dem
537 4923 693 5059 Rubei
726 4964 757 5023 a·
770 5013 772 5017 .
785 4920 1128 5023 Bartholomaeo
1148 4932 1352 5048 fontana
1381 4911 1637 5039 collectas)
1655 4908 1804 5009 fami-

395 5062 535 5170 liam
555 5061 687 5174 [uam
725 5104 811 5208 pro
841 5063 1051 5170 Bria-ima
1086 5068 1230 5165 etiam
1263 5053 1472 5176 haberi,
1500 5047 1807 5288 qwdurilleea
